
<record>
  <leader>00855naa a22002297a 4500</leader>
  <controlfield tag="001">vtls003446025</controlfield>
  <controlfield tag="005">20170518132600.0</controlfield>
  <controlfield tag="008">980412s1973    xx ||| |  ||||00|  0fre d</controlfield>
  <datafield tag="035" ind1=" " ind2=" ">
    <subfield code="a">R003446025</subfield>
  </datafield>
  <datafield tag="039" ind1=" " ind2="9">
    <subfield code="a">201705181326</subfield>
    <subfield code="b">VLOAD</subfield>
    <subfield code="c">201605141128</subfield>
    <subfield code="d">VLOAD</subfield>
    <subfield code="c">201210191808</subfield>
    <subfield code="d">VLOAD</subfield>
    <subfield code="c">201112192209</subfield>
    <subfield code="d">VLOAD</subfield>
    <subfield code="y">200506232319</subfield>
    <subfield code="z">VLOAD</subfield>
  </datafield>
  <datafield tag="040" ind1=" " ind2=" ">
    <subfield code="a">RERO gewcc-</subfield>
  </datafield>
  <datafield tag="072" ind1=" " ind2="7">
    <subfield code="a">s1th</subfield>
    <subfield code="2">rero</subfield>
  </datafield>
  <datafield tag="100" ind1="1" ind2=" ">
    <subfield code="0">(RERO)A010994430</subfield>
    <subfield code="a">Potter, Philip,</subfield>
    <subfield code="d">1921-2015</subfield>
    <subfield code="4">cre</subfield>
  </datafield>
  <datafield tag="245" ind1="1" ind2="3">
    <subfield code="a">Le Partage de la foi :</subfield>
    <subfield code="b">le COE a 25 ans /</subfield>
    <subfield code="c">Philip A. Potter</subfield>
  </datafield>
  <datafield tag="264" ind1=" " ind2="1">
    <subfield code="c">1973</subfield>
  </datafield>
  <datafield tag="336" ind1=" " ind2=" ">
    <subfield code="b">txt</subfield>
    <subfield code="2">rdacontent</subfield>
  </datafield>
  <datafield tag="337" ind1=" " ind2=" ">
    <subfield code="b">n</subfield>
    <subfield code="2">rdamedia</subfield>
  </datafield>
  <datafield tag="338" ind1=" " ind2=" ">
    <subfield code="b">nc</subfield>
    <subfield code="2">rdacarrier</subfield>
  </datafield>
  <datafield tag="580" ind1=" " ind2=" ">
    <subfield code="a">In: Réforme ; no. 1483/1484 (1973) p. 7-11</subfield>
  </datafield>
  <datafield tag="773" ind1="1" ind2=" ">
    <subfield code="t">Réforme : hebdomadaire protestant d&apos;information générale</subfield>
    <subfield code="g">no. 1483/1484 (1973) p. 7-11</subfield>
  </datafield>
  <datafield tag="957" ind1=" " ind2=" ">
    <subfield code="a">gewcc-</subfield>
  </datafield>
  <datafield tag="982" ind1=" " ind2=" ">
    <subfield code="0">(RERO)6A004396542</subfield>
    <subfield code="2">wccsh</subfield>
    <subfield code="a">World Council of Churches</subfield>
    <subfield code="e">[LCSH]</subfield>
  </datafield>
</record>