
<record>
  <leader>01061nam a2200289 a 4500</leader>
  <controlfield tag="001">vtls002072127</controlfield>
  <controlfield tag="005">20180827200700.0</controlfield>
  <controlfield tag="008">960917s1985    fr |||||| ||||00|| |ara d</controlfield>
  <datafield tag="020" ind1=" " ind2=" ">
    <subfield code="a">9782706809170</subfield>
  </datafield>
  <datafield tag="035" ind1=" " ind2=" ">
    <subfield code="a">2258553</subfield>
  </datafield>
  <datafield tag="039" ind1=" " ind2="9">
    <subfield code="a">201808272007</subfield>
    <subfield code="b">VLOAD</subfield>
    <subfield code="c">201706101643</subfield>
    <subfield code="d">VLOAD</subfield>
    <subfield code="c">201207280935</subfield>
    <subfield code="d">VLOAD</subfield>
    <subfield code="c">200812221208</subfield>
    <subfield code="d">VLOAD</subfield>
    <subfield code="y">1999030116130000</subfield>
    <subfield code="z">load</subfield>
  </datafield>
  <datafield tag="040" ind1=" " ind2=" ">
    <subfield code="a">RERO geular</subfield>
  </datafield>
  <datafield tag="041" ind1="0" ind2=" ">
    <subfield code="a">ara</subfield>
    <subfield code="a">fre</subfield>
  </datafield>
  <datafield tag="072" ind1=" " ind2="7">
    <subfield code="a">s1sm</subfield>
    <subfield code="2">rero</subfield>
  </datafield>
  <datafield tag="100" ind1="1" ind2=" ">
    <subfield code="0">(RERO)A003916863</subfield>
    <subfield code="a">Tölle, Heidi</subfield>
    <subfield code="4">cre</subfield>
  </datafield>
  <datafield tag="245" ind1="1" ind2="0">
    <subfield code="a">Ataʿallam al-ʿarabiyya :</subfield>
    <subfield code="b">supplément grammatical au &quot;Manuel d&apos;arabe moderne&quot;, premier volume, méthode Reig /</subfield>
    <subfield code="c">Heidi Toelle</subfield>
  </datafield>
  <datafield tag="264" ind1=" " ind2="1">
    <subfield code="a">Paris :</subfield>
    <subfield code="b">G.-P. Maisonneuve et Larose,</subfield>
    <subfield code="c">1985</subfield>
  </datafield>
  <datafield tag="300" ind1=" " ind2=" ">
    <subfield code="a">77 p. :</subfield>
    <subfield code="b">tabl. ;</subfield>
    <subfield code="c">24 cm</subfield>
  </datafield>
  <datafield tag="336" ind1=" " ind2=" ">
    <subfield code="b">txt</subfield>
    <subfield code="2">rdacontent</subfield>
  </datafield>
  <datafield tag="337" ind1=" " ind2=" ">
    <subfield code="b">n</subfield>
    <subfield code="2">rdamedia</subfield>
  </datafield>
  <datafield tag="338" ind1=" " ind2=" ">
    <subfield code="b">nc</subfield>
    <subfield code="2">rdacarrier</subfield>
  </datafield>
  <datafield tag="650" ind1=" " ind2="7">
    <subfield code="0">(RERO)A021100914</subfield>
    <subfield code="a">Arabe (langue)</subfield>
    <subfield code="2">rero</subfield>
  </datafield>
  <datafield tag="655" ind1=" " ind2="7">
    <subfield code="0">(RERO)A021098695</subfield>
    <subfield code="a">[Manuels d&apos;enseignement]</subfield>
    <subfield code="2">rero</subfield>
  </datafield>
  <datafield tag="919" ind1=" " ind2=" ">
    <subfield code="9">650 _7</subfield>
    <subfield code="a">arabe (langue)</subfield>
    <subfield code="v">[manuel]</subfield>
    <subfield code="2">chrero</subfield>
  </datafield>
  <datafield tag="957" ind1=" " ind2=" ">
    <subfield code="a">geular</subfield>
  </datafield>
  <datafield tag="982" ind1=" " ind2=" ">
    <subfield code="2">ge-ular</subfield>
    <subfield code="a">F 8 REI</subfield>
  </datafield>
  <datafield tag="992" ind1=" " ind2=" ">
    <subfield code="a">BFLA 105825/1,1</subfield>
    <subfield code="x">ge/ular/a/96/225</subfield>
  </datafield>
</record>