
<record>
  <leader>01226nam a22002772a 4500</leader>
  <controlfield tag="001">vtls006027628</controlfield>
  <controlfield tag="005">20180709171100.0</controlfield>
  <controlfield tag="008">110218s1991    fr ||| |  ||||00|  |fre d</controlfield>
  <datafield tag="019" ind1=" " ind2=" ">
    <subfield code="a">Notice créée dans le cadre de la migration de la BM Delémont</subfield>
    <subfield code="9">jubmdj/04.2011</subfield>
  </datafield>
  <datafield tag="020" ind1=" " ind2=" ">
    <subfield code="a">9782070566037</subfield>
  </datafield>
  <datafield tag="035" ind1=" " ind2=" ">
    <subfield code="a">R006027628</subfield>
  </datafield>
  <datafield tag="039" ind1=" " ind2="9">
    <subfield code="a">201807091711</subfield>
    <subfield code="b">1325</subfield>
    <subfield code="c">201804031603</subfield>
    <subfield code="d">VLOAD</subfield>
    <subfield code="c">201705301323</subfield>
    <subfield code="d">VLOAD</subfield>
    <subfield code="c">201609191511</subfield>
    <subfield code="d">VLOAD</subfield>
    <subfield code="y">201106171520</subfield>
    <subfield code="z">VLOAD</subfield>
  </datafield>
  <datafield tag="040" ind1=" " ind2=" ">
    <subfield code="a">RERO jubmdj</subfield>
  </datafield>
  <datafield tag="072" ind1=" " ind2="7">
    <subfield code="a">s1zz</subfield>
    <subfield code="2">rero</subfield>
  </datafield>
  <datafield tag="100" ind1="1" ind2=" ">
    <subfield code="0">(RERO)A003151225</subfield>
    <subfield code="a">Dahan, André</subfield>
    <subfield code="4">cre</subfield>
  </datafield>
  <datafield tag="245" ind1="1" ind2="0">
    <subfield code="a">Bonne nuit petite lune /</subfield>
    <subfield code="c">André Dahan</subfield>
  </datafield>
  <datafield tag="264" ind1=" " ind2="1">
    <subfield code="a">Paris :</subfield>
    <subfield code="b">Gallimard,</subfield>
    <subfield code="c">1991</subfield>
  </datafield>
  <datafield tag="300" ind1=" " ind2=" ">
    <subfield code="a">[Non pag.] :</subfield>
    <subfield code="b">ill. ;</subfield>
    <subfield code="c">31 cm</subfield>
  </datafield>
  <datafield tag="336" ind1=" " ind2=" ">
    <subfield code="b">txt</subfield>
    <subfield code="2">rdacontent</subfield>
  </datafield>
  <datafield tag="337" ind1=" " ind2=" ">
    <subfield code="b">n</subfield>
    <subfield code="2">rdamedia</subfield>
  </datafield>
  <datafield tag="338" ind1=" " ind2=" ">
    <subfield code="b">nc</subfield>
    <subfield code="2">rdacarrier</subfield>
  </datafield>
  <datafield tag="520" ind1="8" ind2=" ">
    <subfield code="a">Quand on est la lune, il n&apos;est pas facile de jouer au bord d&apos;un nid. Il faut bien continuer sa course. La lune en mille miettes sera remontée tant bien que mal par les oisillons. Alors, si un soir vous trouvez à la lune une drôle de &quot;binette&quot;, cherchez la réponse dans cette histoire..</subfield>
    <subfield code="9">vsbcvs/07.2014</subfield>
  </datafield>
  <datafield tag="521" ind1=" " ind2=" ">
    <subfield code="a">Enfants (0-3 ans)</subfield>
    <subfield code="9">vsbcvs/07.2014</subfield>
  </datafield>
  <datafield tag="521" ind1=" " ind2=" ">
    <subfield code="a">Enfants (6-9 ans)</subfield>
    <subfield code="9">vschab/07.2015</subfield>
  </datafield>
  <datafield tag="919" ind1=" " ind2=" ">
    <subfield code="a">LUNE</subfield>
    <subfield code="x">Album</subfield>
    <subfield code="2">choix</subfield>
  </datafield>
  <datafield tag="973" ind1=" " ind2=" ">
    <subfield code="a">vspovs</subfield>
  </datafield>
</record>