
<record>
  <leader>00880nam a22002652a 4500</leader>
  <controlfield tag="001">vtls006035520</controlfield>
  <controlfield tag="005">20180403170300.0</controlfield>
  <controlfield tag="008">110218s1995    fr ||| |  ||||00|  |fre d</controlfield>
  <datafield tag="019" ind1=" " ind2=" ">
    <subfield code="a">Notice créée dans le cadre de la migration de la BM Delémont</subfield>
    <subfield code="9">jubmda/06.2011</subfield>
  </datafield>
  <datafield tag="020" ind1=" " ind2=" ">
    <subfield code="a">9782020259132</subfield>
  </datafield>
  <datafield tag="035" ind1=" " ind2=" ">
    <subfield code="a">R006035520</subfield>
  </datafield>
  <datafield tag="039" ind1=" " ind2="9">
    <subfield code="a">201804031703</subfield>
    <subfield code="b">VLOAD</subfield>
    <subfield code="c">201707052151</subfield>
    <subfield code="d">VLOAD</subfield>
    <subfield code="c">201705301339</subfield>
    <subfield code="d">VLOAD</subfield>
    <subfield code="c">201106191845</subfield>
    <subfield code="d">VLOAD</subfield>
    <subfield code="y">201106171602</subfield>
    <subfield code="z">VLOAD</subfield>
  </datafield>
  <datafield tag="040" ind1=" " ind2=" ">
    <subfield code="a">RERO jubmda</subfield>
  </datafield>
  <datafield tag="072" ind1=" " ind2="7">
    <subfield code="a">s1zz</subfield>
    <subfield code="2">rero</subfield>
  </datafield>
  <datafield tag="100" ind1="1" ind2=" ">
    <subfield code="0">(RERO)A002988808</subfield>
    <subfield code="a">Ben Jelloun, Tahar,</subfield>
    <subfield code="d">1944-</subfield>
    <subfield code="4">cre</subfield>
  </datafield>
  <datafield tag="245" ind1="1" ind2="3">
    <subfield code="a">La réclusion solitaire /</subfield>
    <subfield code="c">Tahar Ben Jelloun</subfield>
  </datafield>
  <datafield tag="264" ind1=" " ind2="1">
    <subfield code="a">Paris :</subfield>
    <subfield code="b">Seuil,</subfield>
    <subfield code="c">1995</subfield>
  </datafield>
  <datafield tag="300" ind1=" " ind2=" ">
    <subfield code="a">135 p. ;</subfield>
    <subfield code="c">18 cm</subfield>
  </datafield>
  <datafield tag="336" ind1=" " ind2=" ">
    <subfield code="b">txt</subfield>
    <subfield code="2">rdacontent</subfield>
  </datafield>
  <datafield tag="337" ind1=" " ind2=" ">
    <subfield code="b">n</subfield>
    <subfield code="2">rdamedia</subfield>
  </datafield>
  <datafield tag="338" ind1=" " ind2=" ">
    <subfield code="b">nc</subfield>
    <subfield code="2">rdacarrier</subfield>
  </datafield>
  <datafield tag="490" ind1="0" ind2=" ">
    <subfield code="a">Points</subfield>
    <subfield code="v">161</subfield>
  </datafield>
  <datafield tag="904" ind1=" " ind2=" ">
    <subfield code="a">jubmdare op141625</subfield>
  </datafield>
  <datafield tag="960" ind1=" " ind2=" ">
    <subfield code="a">jubmda</subfield>
  </datafield>
  <datafield tag="984" ind1=" " ind2=" ">
    <subfield code="2">jubmd</subfield>
    <subfield code="a">EMIGRATION</subfield>
    <subfield code="e">[Fiction]</subfield>
  </datafield>
</record>