
<record>
  <leader>01244nam a22002892a 4500</leader>
  <controlfield tag="001">vtls006034129</controlfield>
  <controlfield tag="005">20180403165200.0</controlfield>
  <controlfield tag="008">110218s2001    xx ||| |  ||||00|  |fre d</controlfield>
  <datafield tag="019" ind1=" " ind2=" ">
    <subfield code="a">Notice créée dans le cadre de la migration de la BM Delémont</subfield>
    <subfield code="9">jubmda/06.2011</subfield>
  </datafield>
  <datafield tag="020" ind1=" " ind2=" ">
    <subfield code="a">9782740412541</subfield>
  </datafield>
  <datafield tag="035" ind1=" " ind2=" ">
    <subfield code="a">R006034129</subfield>
  </datafield>
  <datafield tag="039" ind1=" " ind2="9">
    <subfield code="a">201804031652</subfield>
    <subfield code="b">VLOAD</subfield>
    <subfield code="c">201705301336</subfield>
    <subfield code="d">VLOAD</subfield>
    <subfield code="c">201512011630</subfield>
    <subfield code="d">VLOAD</subfield>
    <subfield code="c">201512011217</subfield>
    <subfield code="d">VLOAD</subfield>
    <subfield code="y">201106171555</subfield>
    <subfield code="z">VLOAD</subfield>
  </datafield>
  <datafield tag="040" ind1=" " ind2=" ">
    <subfield code="a">RERO jubmda</subfield>
  </datafield>
  <datafield tag="072" ind1=" " ind2="7">
    <subfield code="a">s1zz</subfield>
    <subfield code="2">rero</subfield>
  </datafield>
  <datafield tag="100" ind1="1" ind2=" ">
    <subfield code="0">(RERO)A006314335</subfield>
    <subfield code="a">Simard, Eric</subfield>
    <subfield code="4">cre</subfield>
  </datafield>
  <datafield tag="245" ind1="1" ind2="4">
    <subfield code="a">Les chimères de la mort /</subfield>
    <subfield code="c">Eric Simard</subfield>
  </datafield>
  <datafield tag="264" ind1=" " ind2="1">
    <subfield code="a">[Lieu de publication non identifié] :</subfield>
    <subfield code="b">Mango,</subfield>
    <subfield code="c">2001</subfield>
  </datafield>
  <datafield tag="300" ind1=" " ind2=" ">
    <subfield code="a">178 p. ;</subfield>
    <subfield code="c">21 cm</subfield>
  </datafield>
  <datafield tag="336" ind1=" " ind2=" ">
    <subfield code="b">txt</subfield>
    <subfield code="2">rdacontent</subfield>
  </datafield>
  <datafield tag="337" ind1=" " ind2=" ">
    <subfield code="b">n</subfield>
    <subfield code="2">rdamedia</subfield>
  </datafield>
  <datafield tag="338" ind1=" " ind2=" ">
    <subfield code="b">nc</subfield>
    <subfield code="2">rdacarrier</subfield>
  </datafield>
  <datafield tag="490" ind1="0" ind2=" ">
    <subfield code="a">Autres mondes</subfield>
    <subfield code="v">8</subfield>
  </datafield>
  <datafield tag="520" ind1="8" ind2=" ">
    <subfield code="a">De retour d&apos;une mission sur la lune, Sorg découvre avec stupéfaction que Bran, son frère maudit qu&apos;il ne voit plus depuis des années est mort. Ce dernier lui a légué une chimère, créature mi-tigre, mi-gorille qui a d&apos;étranges pouvoirs.</subfield>
    <subfield code="9">vdnyon/11.2015</subfield>
  </datafield>
  <datafield tag="904" ind1=" " ind2=" ">
    <subfield code="a">jubmdare op130055</subfield>
  </datafield>
  <datafield tag="960" ind1=" " ind2=" ">
    <subfield code="a">jubmda</subfield>
  </datafield>
  <datafield tag="984" ind1=" " ind2=" ">
    <subfield code="2">jubmd</subfield>
    <subfield code="a">ROMAN DE SCIENCE-FICTION</subfield>
    <subfield code="e">[Fiction]</subfield>
  </datafield>
  <datafield tag="984" ind1=" " ind2=" ">
    <subfield code="2">jubmd</subfield>
    <subfield code="a">ROMAN POUR ADOLESCENT</subfield>
    <subfield code="e">[Fiction]</subfield>
  </datafield>
</record>