
<record>
  <leader>00924naa a22002537a 4500</leader>
  <controlfield tag="001">vtls003447921</controlfield>
  <controlfield tag="005">20170518133200.0</controlfield>
  <controlfield tag="008">980412s1989    xx ||| |  ||||00|  0eng d</controlfield>
  <datafield tag="035" ind1=" " ind2=" ">
    <subfield code="a">R003447921</subfield>
  </datafield>
  <datafield tag="039" ind1=" " ind2="9">
    <subfield code="a">201705181332</subfield>
    <subfield code="b">VLOAD</subfield>
    <subfield code="c">201605141132</subfield>
    <subfield code="d">VLOAD</subfield>
    <subfield code="c">201210191811</subfield>
    <subfield code="d">VLOAD</subfield>
    <subfield code="c">201112192217</subfield>
    <subfield code="d">VLOAD</subfield>
    <subfield code="y">200506232324</subfield>
    <subfield code="z">VLOAD</subfield>
  </datafield>
  <datafield tag="040" ind1=" " ind2=" ">
    <subfield code="a">RERO gewcc-</subfield>
  </datafield>
  <datafield tag="072" ind1=" " ind2="7">
    <subfield code="a">s1th</subfield>
    <subfield code="2">rero</subfield>
  </datafield>
  <datafield tag="245" ind1="0" ind2="0">
    <subfield code="a">Report on the Youth Pre-conference &quot;Risking obedience&quot;</subfield>
  </datafield>
  <datafield tag="264" ind1=" " ind2="1">
    <subfield code="c">1989</subfield>
  </datafield>
  <datafield tag="336" ind1=" " ind2=" ">
    <subfield code="b">txt</subfield>
    <subfield code="2">rdacontent</subfield>
  </datafield>
  <datafield tag="337" ind1=" " ind2=" ">
    <subfield code="b">n</subfield>
    <subfield code="2">rdamedia</subfield>
  </datafield>
  <datafield tag="338" ind1=" " ind2=" ">
    <subfield code="b">nc</subfield>
    <subfield code="2">rdacarrier</subfield>
  </datafield>
  <datafield tag="580" ind1=" " ind2=" ">
    <subfield code="a">In: International Review of Mission ; v. 78 (July/October 1989), no. 311/312, p. 426-430</subfield>
  </datafield>
  <datafield tag="773" ind1="1" ind2=" ">
    <subfield code="t">International review of mission</subfield>
    <subfield code="g">v. 78 (July/October 1989), no. 311/312, p. 426-430</subfield>
  </datafield>
  <datafield tag="957" ind1=" " ind2=" ">
    <subfield code="a">gewcc-</subfield>
  </datafield>
  <datafield tag="982" ind1=" " ind2=" ">
    <subfield code="2">wccsh</subfield>
    <subfield code="a">San Antonio, 1989</subfield>
  </datafield>
  <datafield tag="982" ind1=" " ind2=" ">
    <subfield code="2">wccsh</subfield>
    <subfield code="a">Youth</subfield>
    <subfield code="d">Ecumenical movement</subfield>
  </datafield>
  <datafield tag="982" ind1=" " ind2=" ">
    <subfield code="2">wccsh</subfield>
    <subfield code="a">God</subfield>
    <subfield code="d">Will</subfield>
  </datafield>
  <datafield tag="982" ind1=" " ind2=" ">
    <subfield code="2">wccsh</subfield>
    <subfield code="a">Missions</subfield>
    <subfield code="d">Ecumenical theology</subfield>
  </datafield>
</record>