
<record>
  <leader>01086cam a2200325 a 4500</leader>
  <controlfield tag="001">vtls002094321</controlfield>
  <controlfield tag="005">20170610172200.0</controlfield>
  <controlfield tag="008">961031s1996    gw |||||| ||||00|| |ger d</controlfield>
  <datafield tag="020" ind1=" " ind2=" ">
    <subfield code="a">9783815425114</subfield>
  </datafield>
  <datafield tag="020" ind1=" " ind2=" ">
    <subfield code="a">9783728123367</subfield>
  </datafield>
  <datafield tag="035" ind1=" " ind2=" ">
    <subfield code="a">2279192</subfield>
  </datafield>
  <datafield tag="039" ind1=" " ind2=" ">
    <subfield code="b">1008</subfield>
  </datafield>
  <datafield tag="039" ind1=" " ind2="9">
    <subfield code="a">201706101722</subfield>
    <subfield code="b">VLOAD</subfield>
    <subfield code="c">201106221437</subfield>
    <subfield code="d">1100</subfield>
    <subfield code="c">200902030717</subfield>
    <subfield code="d">VLOAD</subfield>
    <subfield code="c">200901291207</subfield>
    <subfield code="d">VLOAD</subfield>
    <subfield code="y">1999030116470000</subfield>
    <subfield code="z">load</subfield>
  </datafield>
  <datafield tag="040" ind1=" " ind2=" ">
    <subfield code="a">RERO gevbpu</subfield>
  </datafield>
  <datafield tag="072" ind1=" " ind2="7">
    <subfield code="a">s1ma</subfield>
    <subfield code="2">rero</subfield>
  </datafield>
  <datafield tag="100" ind1="1" ind2=" ">
    <subfield code="0">(RERO)A003956109</subfield>
    <subfield code="a">Walser, Hans</subfield>
    <subfield code="4">cre</subfield>
  </datafield>
  <datafield tag="245" ind1="1" ind2="4">
    <subfield code="a">Der goldene Schnitt /</subfield>
    <subfield code="c">Hans Walser</subfield>
  </datafield>
  <datafield tag="250" ind1=" " ind2=" ">
    <subfield code="a">2., erweiterte Aufl</subfield>
  </datafield>
  <datafield tag="264" ind1=" " ind2="1">
    <subfield code="a">Stuttgart ;</subfield>
    <subfield code="a">Leipzig :</subfield>
    <subfield code="b">B.G. Teubner ;</subfield>
    <subfield code="a">Zürich :</subfield>
    <subfield code="b">vdf Hochschulverlag an der ETH,</subfield>
    <subfield code="c">[1996]</subfield>
  </datafield>
  <datafield tag="264" ind1=" " ind2="4">
    <subfield code="c">© 1996</subfield>
  </datafield>
  <datafield tag="300" ind1=" " ind2=" ">
    <subfield code="a">140 S. :</subfield>
    <subfield code="b">Fig. ;</subfield>
    <subfield code="c">21 cm</subfield>
  </datafield>
  <datafield tag="336" ind1=" " ind2=" ">
    <subfield code="b">txt</subfield>
    <subfield code="2">rdacontent</subfield>
  </datafield>
  <datafield tag="337" ind1=" " ind2=" ">
    <subfield code="b">n</subfield>
    <subfield code="2">rdamedia</subfield>
  </datafield>
  <datafield tag="338" ind1=" " ind2=" ">
    <subfield code="b">nc</subfield>
    <subfield code="2">rdacarrier</subfield>
  </datafield>
  <datafield tag="490" ind1="1" ind2=" ">
    <subfield code="a">Einblicke in die Wissenschaft. Mathematik</subfield>
  </datafield>
  <datafield tag="650" ind1=" " ind2="7">
    <subfield code="0">(RERO)A021002270</subfield>
    <subfield code="a">Nombre d&apos;or</subfield>
    <subfield code="2">rero</subfield>
  </datafield>
  <datafield tag="830" ind1=" " ind2="0">
    <subfield code="a">Einblicke in die Wissenschaft</subfield>
  </datafield>
  <datafield tag="919" ind1=" " ind2=" ">
    <subfield code="9">650 _7</subfield>
    <subfield code="a">nombre d&apos;or</subfield>
    <subfield code="2">chrero</subfield>
  </datafield>
  <datafield tag="957" ind1=" " ind2=" ">
    <subfield code="a">gevbge</subfield>
  </datafield>
  <datafield tag="992" ind1=" " ind2=" ">
    <subfield code="a">BGE TY 890</subfield>
    <subfield code="x">ge/vbge/a/96/4951</subfield>
  </datafield>
</record>