
<record>
  <leader>01141nam a2200337 a 4500</leader>
  <controlfield tag="001">vtls000359526</controlfield>
  <controlfield tag="005">20170610192200.0</controlfield>
  <controlfield tag="008">960525s1982    gw |||||| ||||00|| |ger d</controlfield>
  <datafield tag="020" ind1=" " ind2=" ">
    <subfield code="a">9783484310384</subfield>
  </datafield>
  <datafield tag="035" ind1=" " ind2=" ">
    <subfield code="a">0389867</subfield>
  </datafield>
  <datafield tag="039" ind1=" " ind2="9">
    <subfield code="a">201706101922</subfield>
    <subfield code="b">VLOAD</subfield>
    <subfield code="c">201704031020</subfield>
    <subfield code="d">VLOAD</subfield>
    <subfield code="c">201301160853</subfield>
    <subfield code="d">4310</subfield>
    <subfield code="c">200812222129</subfield>
    <subfield code="d">VLOAD</subfield>
    <subfield code="y">1999022719150000</subfield>
    <subfield code="z">load</subfield>
  </datafield>
  <datafield tag="040" ind1=" " ind2=" ">
    <subfield code="a">RERO</subfield>
  </datafield>
  <datafield tag="072" ind1=" " ind2="7">
    <subfield code="a">s1al</subfield>
    <subfield code="2">rero</subfield>
  </datafield>
  <datafield tag="245" ind1="0" ind2="0">
    <subfield code="a">Konzepte zur Lexikographie :</subfield>
    <subfield code="b">Studien zur Bedeutungserklärung in einsprachigen Wörterbüchern /</subfield>
    <subfield code="c">Wolfgang Mentrup (Hg.)</subfield>
  </datafield>
  <datafield tag="264" ind1=" " ind2="1">
    <subfield code="a">Tübingen :</subfield>
    <subfield code="b">M. Niemeyer,</subfield>
    <subfield code="c">1982</subfield>
  </datafield>
  <datafield tag="300" ind1=" " ind2=" ">
    <subfield code="a">VIII, 188 p. ;</subfield>
    <subfield code="c">22 cm</subfield>
  </datafield>
  <datafield tag="336" ind1=" " ind2=" ">
    <subfield code="b">txt</subfield>
    <subfield code="2">rdacontent</subfield>
  </datafield>
  <datafield tag="337" ind1=" " ind2=" ">
    <subfield code="b">n</subfield>
    <subfield code="2">rdamedia</subfield>
  </datafield>
  <datafield tag="338" ind1=" " ind2=" ">
    <subfield code="b">nc</subfield>
    <subfield code="2">rdacarrier</subfield>
  </datafield>
  <datafield tag="490" ind1="1" ind2=" ">
    <subfield code="a">Reihe germanistische Linguistik</subfield>
    <subfield code="v">38</subfield>
  </datafield>
  <datafield tag="650" ind1=" " ind2="7">
    <subfield code="0">(RERO)A021009085</subfield>
    <subfield code="a">Lexicographie</subfield>
    <subfield code="2">rero</subfield>
  </datafield>
  <datafield tag="700" ind1="1" ind2=" ">
    <subfield code="0">(RERO)A003584351</subfield>
    <subfield code="a">Mentrup, Wolfgang</subfield>
  </datafield>
  <datafield tag="830" ind1=" " ind2="0">
    <subfield code="a">Reihe Germanistische Linguistik</subfield>
    <subfield code="v">38</subfield>
  </datafield>
  <datafield tag="902" ind1=" " ind2=" ">
    <subfield code="a">geulal</subfield>
    <subfield code="b">2001/04</subfield>
  </datafield>
  <datafield tag="919" ind1=" " ind2=" ">
    <subfield code="9">650 _7</subfield>
    <subfield code="a">lexicographie</subfield>
    <subfield code="2">chrero</subfield>
  </datafield>
  <datafield tag="956" ind1=" " ind2=" ">
    <subfield code="a">frbcuc</subfield>
  </datafield>
  <datafield tag="957" ind1=" " ind2=" ">
    <subfield code="a">geulal</subfield>
  </datafield>
  <datafield tag="962" ind1=" " ind2=" ">
    <subfield code="a">neubfl</subfield>
  </datafield>
  <datafield tag="981" ind1=" " ind2=" ">
    <subfield code="2">SPGA</subfield>
    <subfield code="a">CI</subfield>
  </datafield>
  <datafield tag="982" ind1=" " ind2=" ">
    <subfield code="2">ge-ulal</subfield>
    <subfield code="a">L/B 8*Kon zl</subfield>
  </datafield>
  <datafield tag="992" ind1=" " ind2=" ">
    <subfield code="a">BFLA 141399</subfield>
    <subfield code="x">ge/ulal/a/2001/165</subfield>
  </datafield>
</record>