
<record>
  <leader>01428nam a22004212a 4500</leader>
  <controlfield tag="001">vtls006032620</controlfield>
  <controlfield tag="005">20190830143300.0</controlfield>
  <controlfield tag="008">110218s2002    fr ||| |  ||||00|  |fre d</controlfield>
  <datafield tag="019" ind1=" " ind2=" ">
    <subfield code="a">Notice créée dans le cadre de la migration de la BM Delémont</subfield>
    <subfield code="9">jubmdj/04.2011</subfield>
  </datafield>
  <datafield tag="020" ind1=" " ind2=" ">
    <subfield code="a">9782070548019</subfield>
  </datafield>
  <datafield tag="035" ind1=" " ind2=" ">
    <subfield code="a">R006032620</subfield>
  </datafield>
  <datafield tag="039" ind1=" " ind2="9">
    <subfield code="a">201908301433</subfield>
    <subfield code="b">0562</subfield>
    <subfield code="c">201804031639</subfield>
    <subfield code="d">VLOAD</subfield>
    <subfield code="c">201707051928</subfield>
    <subfield code="d">VLOAD</subfield>
    <subfield code="c">201705301333</subfield>
    <subfield code="d">VLOAD</subfield>
    <subfield code="y">201106171547</subfield>
    <subfield code="z">VLOAD</subfield>
  </datafield>
  <datafield tag="040" ind1=" " ind2=" ">
    <subfield code="a">RERO jubmdj</subfield>
  </datafield>
  <datafield tag="072" ind1=" " ind2="7">
    <subfield code="a">s1zz</subfield>
    <subfield code="2">rero</subfield>
  </datafield>
  <datafield tag="100" ind1="1" ind2=" ">
    <subfield code="0">(RERO)A003004565</subfield>
    <subfield code="a">Bichonnier, Henriette</subfield>
    <subfield code="4">cre</subfield>
  </datafield>
  <datafield tag="245" ind1="1" ind2="3">
    <subfield code="a">Le roi des bons /</subfield>
    <subfield code="c">Henriette Bichonnier, Pef</subfield>
  </datafield>
  <datafield tag="264" ind1=" " ind2="1">
    <subfield code="a">Paris :</subfield>
    <subfield code="b">Gallimard,</subfield>
    <subfield code="c">2002</subfield>
  </datafield>
  <datafield tag="300" ind1=" " ind2=" ">
    <subfield code="c">23 cm</subfield>
  </datafield>
  <datafield tag="336" ind1=" " ind2=" ">
    <subfield code="b">txt</subfield>
    <subfield code="2">rdacontent</subfield>
  </datafield>
  <datafield tag="337" ind1=" " ind2=" ">
    <subfield code="b">n</subfield>
    <subfield code="2">rdamedia</subfield>
  </datafield>
  <datafield tag="338" ind1=" " ind2=" ">
    <subfield code="b">nc</subfield>
    <subfield code="2">rdacarrier</subfield>
  </datafield>
  <datafield tag="490" ind1="0" ind2=" ">
    <subfield code="a">Folio benjamin</subfield>
    <subfield code="v">45</subfield>
  </datafield>
  <datafield tag="520" ind1="8" ind2=" ">
    <subfield code="a">Fictions jeunesse</subfield>
    <subfield code="9">frvhep/09.2011</subfield>
  </datafield>
  <datafield tag="521" ind1=" " ind2=" ">
    <subfield code="a">Harmos4</subfield>
    <subfield code="9">frvhep/09.2011</subfield>
  </datafield>
  <datafield tag="521" ind1=" " ind2=" ">
    <subfield code="a">Harmos5</subfield>
    <subfield code="9">frvhep/09.2011</subfield>
  </datafield>
  <datafield tag="521" ind1=" " ind2=" ">
    <subfield code="a">Enfants (6-9 ans)</subfield>
    <subfield code="9">vdcris/08.2013</subfield>
  </datafield>
  <datafield tag="521" ind1=" " ind2=" ">
    <subfield code="a">Enfants (6-9 ans)</subfield>
    <subfield code="9">vsbcvs/07.2014</subfield>
  </datafield>
  <datafield tag="700" ind1="0" ind2=" ">
    <subfield code="0">(RERO)A000126801</subfield>
    <subfield code="a">Pef,</subfield>
    <subfield code="d">1939-</subfield>
  </datafield>
  <datafield tag="904" ind1=" " ind2=" ">
    <subfield code="a">jubmdjre op115743</subfield>
  </datafield>
  <datafield tag="904" ind1=" " ind2=" ">
    <subfield code="a">bemcip-migration</subfield>
    <subfield code="b">2014/04</subfield>
  </datafield>
  <datafield tag="919" ind1=" " ind2=" ">
    <subfield code="a">BEAUTE</subfield>
    <subfield code="x">Roman</subfield>
    <subfield code="2">choix</subfield>
  </datafield>
  <datafield tag="919" ind1=" " ind2=" ">
    <subfield code="a">LAIDEUR</subfield>
    <subfield code="x">Roman</subfield>
    <subfield code="2">choix</subfield>
  </datafield>
  <datafield tag="919" ind1=" " ind2=" ">
    <subfield code="a">ROI ET REINE</subfield>
    <subfield code="x">Roman</subfield>
    <subfield code="2">choix</subfield>
  </datafield>
  <datafield tag="934" ind1=" " ind2=" ">
    <subfield code="a">cip 36545</subfield>
  </datafield>
  <datafield tag="960" ind1=" " ind2=" ">
    <subfield code="a">bemcip jubmdj</subfield>
  </datafield>
  <datafield tag="973" ind1=" " ind2=" ">
    <subfield code="a">vsbcvs</subfield>
  </datafield>
  <datafield tag="984" ind1=" " ind2=" ">
    <subfield code="2">jubmd</subfield>
    <subfield code="a">HISTOIRE DE PRINCE ET DE PRINCESSE</subfield>
    <subfield code="e">[Album]</subfield>
  </datafield>
  <datafield tag="984" ind1=" " ind2=" ">
    <subfield code="2">jubmd</subfield>
    <subfield code="a">HUMOUR</subfield>
    <subfield code="e">[Album]</subfield>
  </datafield>
</record>