
<record>
  <leader>00823naa a22002297a 4500</leader>
  <controlfield tag="001">vtls003450221</controlfield>
  <controlfield tag="005">20170518134100.0</controlfield>
  <controlfield tag="008">980412s1973    xx ||| |  ||||00|  0eng d</controlfield>
  <datafield tag="035" ind1=" " ind2=" ">
    <subfield code="a">R003450221</subfield>
  </datafield>
  <datafield tag="039" ind1=" " ind2="9">
    <subfield code="a">201705181341</subfield>
    <subfield code="b">VLOAD</subfield>
    <subfield code="c">201605141138</subfield>
    <subfield code="d">VLOAD</subfield>
    <subfield code="c">201210191814</subfield>
    <subfield code="d">VLOAD</subfield>
    <subfield code="c">201112192226</subfield>
    <subfield code="d">VLOAD</subfield>
    <subfield code="y">200506232330</subfield>
    <subfield code="z">VLOAD</subfield>
  </datafield>
  <datafield tag="040" ind1=" " ind2=" ">
    <subfield code="a">RERO gewcc-</subfield>
  </datafield>
  <datafield tag="072" ind1=" " ind2="7">
    <subfield code="a">s1th</subfield>
    <subfield code="2">rero</subfield>
  </datafield>
  <datafield tag="100" ind1="1" ind2=" ">
    <subfield code="0">(RERO)A011539270</subfield>
    <subfield code="a">Olson, George L</subfield>
    <subfield code="4">cre</subfield>
  </datafield>
  <datafield tag="245" ind1="1" ind2="0">
    <subfield code="a">How to develop new ecumenical mass communication /</subfield>
    <subfield code="c">George L. Olson</subfield>
  </datafield>
  <datafield tag="264" ind1=" " ind2="1">
    <subfield code="c">1973</subfield>
  </datafield>
  <datafield tag="336" ind1=" " ind2=" ">
    <subfield code="b">txt</subfield>
    <subfield code="2">rdacontent</subfield>
  </datafield>
  <datafield tag="337" ind1=" " ind2=" ">
    <subfield code="b">n</subfield>
    <subfield code="2">rdamedia</subfield>
  </datafield>
  <datafield tag="338" ind1=" " ind2=" ">
    <subfield code="b">nc</subfield>
    <subfield code="2">rdacarrier</subfield>
  </datafield>
  <datafield tag="580" ind1=" " ind2=" ">
    <subfield code="a">In: Japan Missionary Bulletin ; vol. 27, no. 4, 1973, p. 221-227</subfield>
  </datafield>
  <datafield tag="773" ind1="1" ind2=" ">
    <subfield code="t">Japan Missionary Bulletin</subfield>
    <subfield code="g">vol. 27, no. 4, 1973, p. 221-227</subfield>
  </datafield>
  <datafield tag="957" ind1=" " ind2=" ">
    <subfield code="a">gewcc-</subfield>
  </datafield>
  <datafield tag="982" ind1=" " ind2=" ">
    <subfield code="2">wccsh</subfield>
    <subfield code="a">Wcc</subfield>
    <subfield code="d">Department of Communication</subfield>
  </datafield>
</record>