
<record>
  <leader>01342nam a2200325 a 4500</leader>
  <controlfield tag="001">vtls002738529</controlfield>
  <controlfield tag="005">20171125165800.0</controlfield>
  <controlfield tag="008">000926s1999    cc ||| |  ||||00|  |chi d</controlfield>
  <datafield tag="020" ind1=" " ind2=" ">
    <subfield code="a">9787030074447</subfield>
  </datafield>
  <datafield tag="035" ind1=" " ind2=" ">
    <subfield code="a">R273852960</subfield>
  </datafield>
  <datafield tag="039" ind1=" " ind2=" ">
    <subfield code="b">6304i</subfield>
  </datafield>
  <datafield tag="039" ind1=" " ind2="9">
    <subfield code="a">201711251658</subfield>
    <subfield code="b">VLOAD</subfield>
    <subfield code="c">201706111309</subfield>
    <subfield code="d">VLOAD</subfield>
    <subfield code="c">200812220535</subfield>
    <subfield code="d">VLOAD</subfield>
    <subfield code="c">200406161014</subfield>
    <subfield code="d">VLOAD</subfield>
    <subfield code="y">200009262009</subfield>
    <subfield code="z">VLOAD</subfield>
  </datafield>
  <datafield tag="040" ind1=" " ind2=" ">
    <subfield code="a">RERO gevcjb</subfield>
  </datafield>
  <datafield tag="041" ind1="0" ind2=" ">
    <subfield code="a">chi</subfield>
    <subfield code="a">lat</subfield>
  </datafield>
  <datafield tag="072" ind1=" " ind2="7">
    <subfield code="a">s1bo</subfield>
    <subfield code="2">rero</subfield>
  </datafield>
  <datafield tag="245" ind1="0" ind2="0">
    <subfield code="a">Flora Reipublicae popularis sinicae :</subfield>
    <subfield code="b">delectis florae Reipublicae popularis sinicae /</subfield>
    <subfield code="c">Agendae Academiae Sinicae edita.</subfield>
    <subfield code="n">Tomus 78 (2),</subfield>
    <subfield code="p">&apos;Angiospermae&apos; : &apos;Dicotyledoneae&apos; : &apos;Compositae&apos; (8) : &apos;Cynareae&apos; / red. Chen Yiling et Shih Chu</subfield>
  </datafield>
  <datafield tag="264" ind1=" " ind2="1">
    <subfield code="a">[Beijing] :</subfield>
    <subfield code="b">Science Press,</subfield>
    <subfield code="c">1999</subfield>
  </datafield>
  <datafield tag="300" ind1=" " ind2=" ">
    <subfield code="a">X, 243 p. :</subfield>
    <subfield code="b">ill. ;</subfield>
    <subfield code="c">27 cm</subfield>
  </datafield>
  <datafield tag="336" ind1=" " ind2=" ">
    <subfield code="b">txt</subfield>
    <subfield code="2">rdacontent</subfield>
  </datafield>
  <datafield tag="337" ind1=" " ind2=" ">
    <subfield code="b">n</subfield>
    <subfield code="2">rdamedia</subfield>
  </datafield>
  <datafield tag="338" ind1=" " ind2=" ">
    <subfield code="b">nc</subfield>
    <subfield code="2">rdacarrier</subfield>
  </datafield>
  <datafield tag="650" ind1=" " ind2="7">
    <subfield code="0">(RERO)A023410150</subfield>
    <subfield code="a">Compositae [Taxonomie]</subfield>
    <subfield code="2">rero</subfield>
  </datafield>
  <datafield tag="651" ind1=" " ind2="7">
    <subfield code="0">(RERO)A009975202</subfield>
    <subfield code="a">Chine (république populaire)</subfield>
    <subfield code="2">rero</subfield>
  </datafield>
  <datafield tag="700" ind1="1" ind2=" ">
    <subfield code="0">(RERO)A005818603</subfield>
    <subfield code="a">Chen, Yiling</subfield>
  </datafield>
  <datafield tag="830" ind1=" " ind2="0">
    <subfield code="a">Flora Reipublicae popularis sinicae : delectis florae Reipublicae popularis sinicae</subfield>
    <subfield code="v">78/2</subfield>
  </datafield>
  <datafield tag="902" ind1=" " ind2=" ">
    <subfield code="a">gevcjb</subfield>
    <subfield code="b">2000/08</subfield>
  </datafield>
  <datafield tag="919" ind1=" " ind2=" ">
    <subfield code="9">650 _7</subfield>
    <subfield code="a">Compositae</subfield>
    <subfield code="z">Chine (République populaire)</subfield>
    <subfield code="2">chrero</subfield>
  </datafield>
  <datafield tag="957" ind1=" " ind2=" ">
    <subfield code="a">gevcjb</subfield>
  </datafield>
  <datafield tag="982" ind1=" " ind2=" ">
    <subfield code="2">cdu-gevcjb</subfield>
    <subfield code="a">F (51)</subfield>
  </datafield>
  <datafield tag="992" ind1=" " ind2=" ">
    <subfield code="a">BOTA 12303</subfield>
    <subfield code="x">ge/vcjb/a/00/398</subfield>
  </datafield>
</record>