
<record>
  <leader>01303nam a2200337 a 4500</leader>
  <controlfield tag="001">vtls002670824</controlfield>
  <controlfield tag="005">20170518103600.0</controlfield>
  <controlfield tag="008">001229s1997    gw |||||| ||||00|| |ger d</controlfield>
  <datafield tag="020" ind1=" " ind2=" ">
    <subfield code="a">9783579002569</subfield>
  </datafield>
  <datafield tag="035" ind1=" " ind2=" ">
    <subfield code="a">R267082460</subfield>
  </datafield>
  <datafield tag="039" ind1=" " ind2=" ">
    <subfield code="b">4801</subfield>
  </datafield>
  <datafield tag="039" ind1=" " ind2="9">
    <subfield code="a">201705181036</subfield>
    <subfield code="b">VLOAD</subfield>
    <subfield code="c">201509211654</subfield>
    <subfield code="d">VLOAD</subfield>
    <subfield code="c">201509041850</subfield>
    <subfield code="d">VLOAD</subfield>
    <subfield code="c">201507231854</subfield>
    <subfield code="d">VLOAD</subfield>
    <subfield code="y">200009131437</subfield>
    <subfield code="z">VLOAD</subfield>
  </datafield>
  <datafield tag="040" ind1=" " ind2=" ">
    <subfield code="a">RERO neuthe</subfield>
  </datafield>
  <datafield tag="041" ind1="1" ind2=" ">
    <subfield code="a">ger</subfield>
    <subfield code="a">lat</subfield>
    <subfield code="h">lat</subfield>
  </datafield>
  <datafield tag="072" ind1=" " ind2="7">
    <subfield code="a">s1th</subfield>
    <subfield code="2">rero</subfield>
  </datafield>
  <datafield tag="100" ind1="1" ind2=" ">
    <subfield code="0">(RERO)A000112813</subfield>
    <subfield code="a">Melanchthon, Philipp</subfield>
    <subfield code="4">cre</subfield>
  </datafield>
  <datafield tag="245" ind1="1" ind2="0">
    <subfield code="a">Loci communes 1521 :</subfield>
    <subfield code="b">lateinisch-deutsch /</subfield>
    <subfield code="c">Philipp Melanchton ; übers. und mit kommentierenden Anmerkungen versehen von Horst Georg Pöhlmann ; hrsg. vom Lutherischen Kirchenamts der Vereinigten Evangelisch-Lutherischen Kirche Deutschlands</subfield>
  </datafield>
  <datafield tag="250" ind1=" " ind2=" ">
    <subfield code="a">2. durchges. und korrigierte Ausg.</subfield>
  </datafield>
  <datafield tag="264" ind1=" " ind2="1">
    <subfield code="a">Gütersloh :</subfield>
    <subfield code="b">G. Mohr,</subfield>
    <subfield code="c">1997</subfield>
  </datafield>
  <datafield tag="300" ind1=" " ind2=" ">
    <subfield code="a">396 p. ;</subfield>
    <subfield code="c">25 cm</subfield>
  </datafield>
  <datafield tag="336" ind1=" " ind2=" ">
    <subfield code="b">txt</subfield>
    <subfield code="2">rdacontent</subfield>
  </datafield>
  <datafield tag="337" ind1=" " ind2=" ">
    <subfield code="b">n</subfield>
    <subfield code="2">rdamedia</subfield>
  </datafield>
  <datafield tag="338" ind1=" " ind2=" ">
    <subfield code="b">nc</subfield>
    <subfield code="2">rdacarrier</subfield>
  </datafield>
  <datafield tag="700" ind1="1" ind2=" ">
    <subfield code="0">(RERO)A003717936</subfield>
    <subfield code="a">Pöhlmann, Horst Georg</subfield>
  </datafield>
  <datafield tag="710" ind1="2" ind2=" ">
    <subfield code="0">(RERO)A005426948</subfield>
    <subfield code="a">Vereinigte Evangelisch-Lutherische Kirche Deutschlands.</subfield>
    <subfield code="b">Kirchenamt</subfield>
  </datafield>
  <datafield tag="902" ind1=" " ind2=" ">
    <subfield code="a">geuth-</subfield>
    <subfield code="b">2001/07</subfield>
    <subfield code="c">4</subfield>
  </datafield>
  <datafield tag="902" ind1=" " ind2=" ">
    <subfield code="a">getheolcollection</subfield>
  </datafield>
  <datafield tag="904" ind1=" " ind2=" ">
    <subfield code="a">neuthena</subfield>
    <subfield code="b">2000/03</subfield>
  </datafield>
  <datafield tag="957" ind1=" " ind2=" ">
    <subfield code="a">geuth-</subfield>
  </datafield>
  <datafield tag="962" ind1=" " ind2=" ">
    <subfield code="a">neupam</subfield>
  </datafield>
  <datafield tag="982" ind1=" " ind2=" ">
    <subfield code="2">cdu-geuth</subfield>
    <subfield code="a">23&quot;15&quot;MEL7Loc</subfield>
  </datafield>
</record>