
<record>
  <leader>01525cam a2200349 a 4500</leader>
  <controlfield tag="001">vtls001971928</controlfield>
  <controlfield tag="005">20170518072500.0</controlfield>
  <controlfield tag="008">960208s1993    ru |||||| ||||00|| |rus d</controlfield>
  <datafield tag="020" ind1=" " ind2=" ">
    <subfield code="a">9785852550378</subfield>
  </datafield>
  <datafield tag="035" ind1=" " ind2=" ">
    <subfield code="a">2149894</subfield>
  </datafield>
  <datafield tag="039" ind1=" " ind2="9">
    <subfield code="a">201705180725</subfield>
    <subfield code="b">VLOAD</subfield>
    <subfield code="c">201504161832</subfield>
    <subfield code="d">VLOAD</subfield>
    <subfield code="c">201208220004</subfield>
    <subfield code="d">9903</subfield>
    <subfield code="c">201207281243</subfield>
    <subfield code="d">VLOAD</subfield>
    <subfield code="y">1999030113360000</subfield>
    <subfield code="z">load</subfield>
  </datafield>
  <datafield tag="040" ind1=" " ind2=" ">
    <subfield code="a">RERO geulru</subfield>
  </datafield>
  <datafield tag="072" ind1=" " ind2="7">
    <subfield code="a">s1ru</subfield>
    <subfield code="2">rero</subfield>
  </datafield>
  <datafield tag="100" ind1="1" ind2=" ">
    <subfield code="0">(RERO)A000109522</subfield>
    <subfield code="6">880-01</subfield>
    <subfield code="a">Maksimov, Vladimir</subfield>
    <subfield code="4">cre</subfield>
  </datafield>
  <datafield tag="245" ind1="1" ind2="0">
    <subfield code="6">880-02</subfield>
    <subfield code="a">Pʹesy /</subfield>
    <subfield code="c">Vladimir Maksimov</subfield>
  </datafield>
  <datafield tag="246" ind1="3" ind2=" ">
    <subfield code="a">Pʹesy / Vladimir Maksimov</subfield>
  </datafield>
  <datafield tag="264" ind1=" " ind2="1">
    <subfield code="6">880-03</subfield>
    <subfield code="a">Moskva :</subfield>
    <subfield code="b">Terra,</subfield>
    <subfield code="c">1993</subfield>
  </datafield>
  <datafield tag="300" ind1=" " ind2=" ">
    <subfield code="a">461 p. ;</subfield>
    <subfield code="c">21 cm</subfield>
  </datafield>
  <datafield tag="336" ind1=" " ind2=" ">
    <subfield code="b">txt</subfield>
    <subfield code="2">rdacontent</subfield>
  </datafield>
  <datafield tag="337" ind1=" " ind2=" ">
    <subfield code="b">n</subfield>
    <subfield code="2">rdamedia</subfield>
  </datafield>
  <datafield tag="338" ind1=" " ind2=" ">
    <subfield code="b">nc</subfield>
    <subfield code="2">rdacarrier</subfield>
  </datafield>
  <datafield tag="490" ind1="1" ind2=" ">
    <subfield code="6">880-04</subfield>
    <subfield code="a">Sobranie sočinenij v vos&apos;mi tomach / Vladimir Maksimov</subfield>
    <subfield code="v">t. 8</subfield>
  </datafield>
  <datafield tag="800" ind1="1" ind2=" ">
    <subfield code="0">(RERO)A000109523</subfield>
    <subfield code="6">880-05</subfield>
    <subfield code="a">Maksimov, Vladimir Emelʹi︠a︡novich. -</subfield>
    <subfield code="t">Sobranie sochineniĭ v vosʹmi tomakh</subfield>
    <subfield code="v">8</subfield>
  </datafield>
  <datafield tag="880" ind1="1" ind2=" ">
    <subfield code="6">100-01/(N</subfield>
    <subfield code="a">Максимов, Владимир</subfield>
  </datafield>
  <datafield tag="880" ind1="1" ind2="0">
    <subfield code="6">245-02/(N</subfield>
    <subfield code="a">Пьесы /</subfield>
    <subfield code="c">Владимир Максимов</subfield>
  </datafield>
  <datafield tag="880" ind1="1" ind2=" ">
    <subfield code="6">490-04/(N</subfield>
    <subfield code="a">Собрание сочинений в восьми томах / Владимир Максимов</subfield>
    <subfield code="v">т.8</subfield>
  </datafield>
  <datafield tag="880" ind1="1" ind2=" ">
    <subfield code="6">800-05/(N</subfield>
    <subfield code="a">Максимов, Владимир Емельянович. -</subfield>
    <subfield code="t">Собрание сочинений в восьми томах</subfield>
    <subfield code="v">8</subfield>
  </datafield>
  <datafield tag="880" ind1=" " ind2="1">
    <subfield code="6">264-03/(N</subfield>
    <subfield code="a">Москва :</subfield>
    <subfield code="b">Терра,</subfield>
    <subfield code="c">1993</subfield>
  </datafield>
  <datafield tag="900" ind1=" " ind2=" ">
    <subfield code="a">goala</subfield>
  </datafield>
  <datafield tag="957" ind1=" " ind2=" ">
    <subfield code="a">geulru</subfield>
  </datafield>
  <datafield tag="982" ind1=" " ind2=" ">
    <subfield code="2">ge-ulru</subfield>
    <subfield code="a">7A MAK/S 2*sob</subfield>
  </datafield>
  <datafield tag="992" ind1=" " ind2=" ">
    <subfield code="a">BFLA 53392/8</subfield>
    <subfield code="x">ge/ulru/a/96/59</subfield>
  </datafield>
</record>