
<record>
  <leader>01175nam a2200301 a 4500</leader>
  <controlfield tag="001">vtls004798098</controlfield>
  <controlfield tag="005">20180330141700.0</controlfield>
  <controlfield tag="007">c|</controlfield>
  <controlfield tag="008">040812s2007    gw ||| |  ||||00|  |ger d</controlfield>
  <datafield tag="019" ind1=" " ind2=" ">
    <subfield code="a">Notice migrée du catalogue de la Médiathèque HES-SO Valais, Sierre</subfield>
    <subfield code="9">vsheso/10.08</subfield>
  </datafield>
  <datafield tag="020" ind1=" " ind2=" ">
    <subfield code="a">9783540379508</subfield>
  </datafield>
  <datafield tag="024" ind1="7" ind2=" ">
    <subfield code="a">10.1007/978-3-540-37973-7</subfield>
    <subfield code="2">doi</subfield>
  </datafield>
  <datafield tag="035" ind1=" " ind2=" ">
    <subfield code="a">R004798098</subfield>
  </datafield>
  <datafield tag="039" ind1=" " ind2="9">
    <subfield code="a">201803301417</subfield>
    <subfield code="b">VLOAD</subfield>
    <subfield code="c">201705191826</subfield>
    <subfield code="d">VLOAD</subfield>
    <subfield code="c">200812211431</subfield>
    <subfield code="d">VLOAD</subfield>
    <subfield code="c">200811282050</subfield>
    <subfield code="d">VLOAD</subfield>
    <subfield code="y">200811281701</subfield>
    <subfield code="z">VLOAD</subfield>
  </datafield>
  <datafield tag="040" ind1=" " ind2=" ">
    <subfield code="a">RERO vsheso</subfield>
  </datafield>
  <datafield tag="041" ind1=" " ind2=" ">
    <subfield code="a">ger</subfield>
  </datafield>
  <datafield tag="072" ind1=" " ind2="7">
    <subfield code="a">s1zz</subfield>
    <subfield code="2">rero</subfield>
  </datafield>
  <datafield tag="100" ind1="1" ind2=" ">
    <subfield code="0">(RERO)A014276535</subfield>
    <subfield code="a">Köhler, Peter T</subfield>
    <subfield code="4">cre</subfield>
  </datafield>
  <datafield tag="245" ind1="1" ind2="0">
    <subfield code="a">ITIL :</subfield>
    <subfield code="b">das IT-Servicemanagement Framework /</subfield>
    <subfield code="c">Peter T. Köhler</subfield>
  </datafield>
  <datafield tag="250" ind1=" " ind2=" ">
    <subfield code="a">2., überarb. Aufl</subfield>
  </datafield>
  <datafield tag="264" ind1=" " ind2="1">
    <subfield code="a">Berlin :</subfield>
    <subfield code="b">Springer,</subfield>
    <subfield code="c">2007</subfield>
  </datafield>
  <datafield tag="300" ind1=" " ind2=" ">
    <subfield code="a">396 S. :</subfield>
    <subfield code="b">Ill.</subfield>
  </datafield>
  <datafield tag="919" ind1=" " ind2=" ">
    <subfield code="a">HANDBÜCHER</subfield>
    <subfield code="9">ger</subfield>
    <subfield code="8">(032,2)</subfield>
    <subfield code="2">nebis E1</subfield>
  </datafield>
  <datafield tag="919" ind1=" " ind2=" ">
    <subfield code="a">Informationstechnik</subfield>
    <subfield code="x">Management</subfield>
    <subfield code="2">zbz</subfield>
  </datafield>
  <datafield tag="919" ind1=" " ind2=" ">
    <subfield code="a">INSTALLATIONSMANAGEMENT (MANAGEMENT VON COMPUTERSYSTEMEN)</subfield>
    <subfield code="9">ger</subfield>
    <subfield code="8">004*01*07*02</subfield>
    <subfield code="2">nebis E1</subfield>
  </datafield>
  <datafield tag="919" ind1=" " ind2=" ">
    <subfield code="a">SYSTEMMANAGEMENT + SYSTEMADMINISTRATION (MANAGEMENT VON COMPUTERSYSTEMEN)</subfield>
    <subfield code="9">ger</subfield>
    <subfield code="8">004*01*07*04</subfield>
    <subfield code="2">nebis E1</subfield>
  </datafield>
  <datafield tag="973" ind1=" " ind2=" ">
    <subfield code="a">vsheso</subfield>
  </datafield>
  <datafield tag="996" ind1=" " ind2=" ">
    <subfield code="a">-</subfield>
    <subfield code="x">vsheso/5284302</subfield>
  </datafield>
</record>