
<record>
  <leader>00572nas a2200193 a 4500</leader>
  <controlfield tag="001">vtls000357928</controlfield>
  <controlfield tag="005">20180329164900.0</controlfield>
  <controlfield tag="008">960525c1957    gw |||m|| ||||0 || 0ger d</controlfield>
  <datafield tag="035" ind1=" " ind2=" ">
    <subfield code="a">0388195</subfield>
  </datafield>
  <datafield tag="039" ind1=" " ind2="9">
    <subfield code="a">201803291649</subfield>
    <subfield code="b">VLOAD</subfield>
    <subfield code="c">201705160936</subfield>
    <subfield code="d">VLOAD</subfield>
    <subfield code="c">200605280203</subfield>
    <subfield code="d">VLOAD</subfield>
    <subfield code="c">200410121848</subfield>
    <subfield code="d">VLOAD</subfield>
    <subfield code="y">1999022719120000</subfield>
    <subfield code="z">load</subfield>
  </datafield>
  <datafield tag="040" ind1=" " ind2=" ">
    <subfield code="a">RERO</subfield>
  </datafield>
  <datafield tag="072" ind1=" " ind2="7">
    <subfield code="a">s1ba</subfield>
    <subfield code="2">rero</subfield>
  </datafield>
  <datafield tag="245" ind1="0" ind2="0">
    <subfield code="a">Kleine Bücher Rheinischer Kunst</subfield>
  </datafield>
  <datafield tag="264" ind1=" " ind2="1">
    <subfield code="a">Mönchengladbach :</subfield>
    <subfield code="b">B. Kühlen,</subfield>
    <subfield code="c">1957-[?]</subfield>
  </datafield>
  <datafield tag="300" ind1=" " ind2=" ">
    <subfield code="c">17 cm</subfield>
  </datafield>
  <datafield tag="336" ind1=" " ind2=" ">
    <subfield code="b">txt</subfield>
    <subfield code="2">rdacontent</subfield>
  </datafield>
  <datafield tag="337" ind1=" " ind2=" ">
    <subfield code="b">n</subfield>
    <subfield code="2">rdamedia</subfield>
  </datafield>
  <datafield tag="338" ind1=" " ind2=" ">
    <subfield code="b">nc</subfield>
    <subfield code="2">rdacarrier</subfield>
  </datafield>
  <datafield tag="956" ind1=" " ind2=" ">
    <subfield code="a">frbcuc</subfield>
  </datafield>
</record>