
<record>
  <leader>01502nam a2200349 a 4500</leader>
  <controlfield tag="001">vtls002376824</controlfield>
  <controlfield tag="005">20170518084300.0</controlfield>
  <controlfield tag="008">981015s1997    ru ||| |  ||||00|  |rus d</controlfield>
  <datafield tag="020" ind1=" " ind2=" ">
    <subfield code="a">9785824200607</subfield>
  </datafield>
  <datafield tag="035" ind1=" " ind2=" ">
    <subfield code="a">R237682460</subfield>
  </datafield>
  <datafield tag="039" ind1=" " ind2=" ">
    <subfield code="b">7380</subfield>
  </datafield>
  <datafield tag="039" ind1=" " ind2="9">
    <subfield code="a">201705180843</subfield>
    <subfield code="b">VLOAD</subfield>
    <subfield code="c">201209141345</subfield>
    <subfield code="d">9905</subfield>
    <subfield code="c">201207281313</subfield>
    <subfield code="d">VLOAD</subfield>
    <subfield code="c">200812221233</subfield>
    <subfield code="d">VLOAD</subfield>
    <subfield code="y">1999030200060000</subfield>
    <subfield code="z">load0073</subfield>
  </datafield>
  <datafield tag="040" ind1=" " ind2=" ">
    <subfield code="a">RERO geulru</subfield>
  </datafield>
  <datafield tag="072" ind1=" " ind2="7">
    <subfield code="a">s1ru</subfield>
    <subfield code="2">rero</subfield>
  </datafield>
  <datafield tag="100" ind1="1" ind2=" ">
    <subfield code="0">(RERO)A002992294</subfield>
    <subfield code="6">880-01</subfield>
    <subfield code="a">Berberova, Nina Nikolaevna</subfield>
    <subfield code="4">cre</subfield>
  </datafield>
  <datafield tag="245" ind1="1" ind2="0">
    <subfield code="6">880-02</subfield>
    <subfield code="a">Bii︠a︡nkurskie prazdniki ;</subfield>
    <subfield code="b">Rasskazy v izgnanii /</subfield>
    <subfield code="c">Nina Berberova</subfield>
  </datafield>
  <datafield tag="246" ind1="3" ind2=" ">
    <subfield code="a">Bijankurskie prazdniki ; Rasskazy v izgnanii / Nina Berberova</subfield>
  </datafield>
  <datafield tag="264" ind1=" " ind2="1">
    <subfield code="6">880-03</subfield>
    <subfield code="a">Moskva :</subfield>
    <subfield code="b">Izd-vo imeni Sabašnikovych,</subfield>
    <subfield code="c">1997</subfield>
  </datafield>
  <datafield tag="300" ind1=" " ind2=" ">
    <subfield code="a">461 p. ;</subfield>
    <subfield code="c">21 cm</subfield>
  </datafield>
  <datafield tag="336" ind1=" " ind2=" ">
    <subfield code="b">txt</subfield>
    <subfield code="2">rdacontent</subfield>
  </datafield>
  <datafield tag="337" ind1=" " ind2=" ">
    <subfield code="b">n</subfield>
    <subfield code="2">rdamedia</subfield>
  </datafield>
  <datafield tag="338" ind1=" " ind2=" ">
    <subfield code="b">nc</subfield>
    <subfield code="2">rdacarrier</subfield>
  </datafield>
  <datafield tag="700" ind1="1" ind2="2">
    <subfield code="6">880-04</subfield>
    <subfield code="a">Berberova, Nina Nikolaevna. -</subfield>
    <subfield code="t">Rasskazy v izgnanii</subfield>
  </datafield>
  <datafield tag="880" ind1="1" ind2=" ">
    <subfield code="6">100-01/(N</subfield>
    <subfield code="a">Берберова, Нина Николаевна</subfield>
  </datafield>
  <datafield tag="880" ind1="1" ind2="0">
    <subfield code="6">245-02/(N</subfield>
    <subfield code="a">Биянкурские праздники ;</subfield>
    <subfield code="b">Рассказы в изгнании /</subfield>
    <subfield code="c">Нина Берберова</subfield>
  </datafield>
  <datafield tag="880" ind1="1" ind2="2">
    <subfield code="6">700-04/(N</subfield>
    <subfield code="a">Берберова, Нина Николаевна. -</subfield>
    <subfield code="t">Рассказы в изгнании</subfield>
  </datafield>
  <datafield tag="880" ind1=" " ind2="1">
    <subfield code="6">264-03/(N</subfield>
    <subfield code="a">Москва :</subfield>
    <subfield code="b">Изд-во имени Сабашниковых,</subfield>
    <subfield code="c">1997</subfield>
  </datafield>
  <datafield tag="900" ind1=" " ind2=" ">
    <subfield code="a">goala</subfield>
  </datafield>
  <datafield tag="902" ind1=" " ind2=" ">
    <subfield code="a">geulru</subfield>
    <subfield code="b">1998/10</subfield>
  </datafield>
  <datafield tag="957" ind1=" " ind2=" ">
    <subfield code="a">geulru</subfield>
  </datafield>
  <datafield tag="982" ind1=" " ind2=" ">
    <subfield code="2">ge-ulru</subfield>
    <subfield code="a">7A BER/B 7*bij</subfield>
  </datafield>
  <datafield tag="992" ind1=" " ind2=" ">
    <subfield code="a">BFLA 120798</subfield>
    <subfield code="x">ge/ulru/a/98/480</subfield>
  </datafield>
</record>