
<record>
  <leader>01241ngm a2200349 a 4500</leader>
  <controlfield tag="001">vtls006084129</controlfield>
  <controlfield tag="005">20170530151400.0</controlfield>
  <controlfield tag="007">v|</controlfield>
  <controlfield tag="008">110623s2011    fr ||| |  ||||0 |  |fre d</controlfield>
  <datafield tag="028" ind1="4" ind2="2">
    <subfield code="a">008394</subfield>
  </datafield>
  <datafield tag="035" ind1=" " ind2=" ">
    <subfield code="a">R006084129</subfield>
  </datafield>
  <datafield tag="039" ind1=" " ind2="9">
    <subfield code="a">201705301514</subfield>
    <subfield code="b">VLOAD</subfield>
    <subfield code="c">201601061635</subfield>
    <subfield code="d">VLOAD</subfield>
    <subfield code="c">201307171843</subfield>
    <subfield code="d">VLOAD</subfield>
    <subfield code="c">201203111000</subfield>
    <subfield code="d">VLOAD</subfield>
    <subfield code="y">201106230943</subfield>
    <subfield code="z">8040</subfield>
  </datafield>
  <datafield tag="040" ind1=" " ind2=" ">
    <subfield code="a">RERO labcud</subfield>
  </datafield>
  <datafield tag="072" ind1=" " ind2="7">
    <subfield code="a">s1ba</subfield>
    <subfield code="2">rero</subfield>
  </datafield>
  <datafield tag="245" ind1="0" ind2="0">
    <subfield code="a">Sans queue ni tête /</subfield>
    <subfield code="c">un film de Jeanne Labrune ; scénario Jeanne Labrune ... [et al.] ; musique originale André Mergenthaler</subfield>
  </datafield>
  <datafield tag="264" ind1=" " ind2="1">
    <subfield code="a">[Lieu de publication non identifié] :</subfield>
    <subfield code="b">Rezo films,</subfield>
    <subfield code="c">[2011]</subfield>
  </datafield>
  <datafield tag="300" ind1=" " ind2=" ">
    <subfield code="a">1 DVD-vidéo</subfield>
  </datafield>
  <datafield tag="336" ind1=" " ind2=" ">
    <subfield code="b">tdi</subfield>
    <subfield code="2">rdacontent</subfield>
  </datafield>
  <datafield tag="337" ind1=" " ind2=" ">
    <subfield code="b">v</subfield>
    <subfield code="2">rdamedia</subfield>
  </datafield>
  <datafield tag="338" ind1=" " ind2=" ">
    <subfield code="b">vd</subfield>
    <subfield code="2">rdacarrier</subfield>
  </datafield>
  <datafield tag="500" ind1=" " ind2=" ">
    <subfield code="a">Une coprod.: Liaison Cinématographique / Samsa Film, 2010</subfield>
  </datafield>
  <datafield tag="500" ind1=" " ind2=" ">
    <subfield code="a">Durée du film: 92 min.</subfield>
  </datafield>
  <datafield tag="511" ind1="0" ind2=" ">
    <subfield code="a">Isabelle Huppert ; Bouli Lanners ; Richard Debuisne ; Sabila Moussadek ... et al.</subfield>
  </datafield>
  <datafield tag="520" ind1="8" ind2=" ">
    <subfield code="a">Comédie</subfield>
    <subfield code="9">vsbcvs/12.2015</subfield>
  </datafield>
  <datafield tag="700" ind1="1" ind2=" ">
    <subfield code="0">(RERO)A006348825</subfield>
    <subfield code="a">Labrune, Jeanne</subfield>
  </datafield>
  <datafield tag="700" ind1="1" ind2=" ">
    <subfield code="0">(RERO)A018912935</subfield>
    <subfield code="a">Mergenthaler, André</subfield>
  </datafield>
  <datafield tag="906" ind1=" " ind2=" ">
    <subfield code="a">bcvs</subfield>
    <subfield code="b">2012/02</subfield>
    <subfield code="c">20</subfield>
  </datafield>
  <datafield tag="906" ind1=" " ind2=" ">
    <subfield code="a">vsdvd</subfield>
  </datafield>
  <datafield tag="962" ind1=" " ind2=" ">
    <subfield code="a">nelocl</subfield>
  </datafield>
  <datafield tag="973" ind1=" " ind2=" ">
    <subfield code="a">vsbcvs</subfield>
  </datafield>
  <datafield tag="986" ind1=" " ind2=" ">
    <subfield code="2">vs-pratdvd</subfield>
    <subfield code="a">SANS</subfield>
  </datafield>
  <datafield tag="994" ind1=" " ind2=" ">
    <subfield code="a">LOV DVD SANS</subfield>
    <subfield code="x">--</subfield>
  </datafield>
</record>