
<record>
  <leader>02072nam a2200541 a 4500</leader>
  <controlfield tag="001">vtls008750101</controlfield>
  <controlfield tag="005">20190215154900.0</controlfield>
  <controlfield tag="008">180110s2015    gw |||||  ||||00||||ger d</controlfield>
  <datafield tag="020" ind1=" " ind2=" ">
    <subfield code="a">9783862655274</subfield>
  </datafield>
  <datafield tag="020" ind1=" " ind2=" ">
    <subfield code="a">9783862655281</subfield>
  </datafield>
  <datafield tag="024" ind1="3" ind2=" ">
    <subfield code="a">9783862655274</subfield>
    <subfield code="q">Bd. 3</subfield>
  </datafield>
  <datafield tag="024" ind1="3" ind2=" ">
    <subfield code="a">9783862655281</subfield>
    <subfield code="q">Bd. 4</subfield>
  </datafield>
  <datafield tag="035" ind1=" " ind2=" ">
    <subfield code="a">R008750101</subfield>
  </datafield>
  <datafield tag="039" ind1=" " ind2="7">
    <subfield code="b">0009</subfield>
  </datafield>
  <datafield tag="039" ind1=" " ind2="9">
    <subfield code="a">201902151549</subfield>
    <subfield code="b">VLOAD</subfield>
    <subfield code="c">201901241744</subfield>
    <subfield code="d">0257</subfield>
    <subfield code="c">201808061809</subfield>
    <subfield code="d">0999</subfield>
    <subfield code="c">201807201853</subfield>
    <subfield code="d">VLOAD</subfield>
    <subfield code="y">201801101437</subfield>
    <subfield code="z">0257</subfield>
  </datafield>
  <datafield tag="040" ind1=" " ind2=" ">
    <subfield code="a">1145</subfield>
    <subfield code="b">ger</subfield>
    <subfield code="d">9999</subfield>
    <subfield code="d">RERO frbcuc</subfield>
    <subfield code="d">DNB</subfield>
    <subfield code="d">RERO frbcuc</subfield>
  </datafield>
  <datafield tag="072" ind1=" " ind2="7">
    <subfield code="a">s1go</subfield>
    <subfield code="2">rero</subfield>
  </datafield>
  <datafield tag="100" ind1="0" ind2=" ">
    <subfield code="0">(RERO)A011438085</subfield>
    <subfield code="a">Urlaub, Farin,</subfield>
    <subfield code="d">1963-</subfield>
    <subfield code="4">cre</subfield>
  </datafield>
  <datafield tag="245" ind1="1" ind2="0">
    <subfield code="a">Afrika /</subfield>
    <subfield code="c">Farin Urlaub</subfield>
  </datafield>
  <datafield tag="264" ind1="3" ind2="1">
    <subfield code="a">Berlin :</subfield>
    <subfield code="b">Schwarzkopf &amp; Schwarzkopf,</subfield>
    <subfield code="c">2015</subfield>
  </datafield>
  <datafield tag="300" ind1=" " ind2=" ">
    <subfield code="a">344 S. :</subfield>
    <subfield code="b">Ill.</subfield>
  </datafield>
  <datafield tag="336" ind1=" " ind2=" ">
    <subfield code="b">sti</subfield>
    <subfield code="2">rdacontent</subfield>
  </datafield>
  <datafield tag="336" ind1=" " ind2=" ">
    <subfield code="b">txt</subfield>
    <subfield code="2">rdacontent</subfield>
  </datafield>
  <datafield tag="337" ind1=" " ind2=" ">
    <subfield code="b">n</subfield>
    <subfield code="2">rdamedia</subfield>
  </datafield>
  <datafield tag="338" ind1=" " ind2=" ">
    <subfield code="b">nc</subfield>
    <subfield code="2">rdacarrier</subfield>
  </datafield>
  <datafield tag="490" ind1="1" ind2=" ">
    <subfield code="a">Unterwegs / Farin Urlaub</subfield>
    <subfield code="v">Bd. 3-4</subfield>
  </datafield>
  <datafield tag="505" ind1="0" ind2=" ">
    <subfield code="a">[Bd. 1]: Vom Mittelmeer zum Golf von Guinea</subfield>
  </datafield>
  <datafield tag="505" ind1="0" ind2=" ">
    <subfield code="a">[Bd. 2]: Vom Golf von Guinea nach Sansibar</subfield>
  </datafield>
  <datafield tag="651" ind1=" " ind2="7">
    <subfield code="0">(RERO)A010040235</subfield>
    <subfield code="a">Afrique</subfield>
    <subfield code="2">rero</subfield>
  </datafield>
  <datafield tag="655" ind1=" " ind2="7">
    <subfield code="0">(RERO)A021025671</subfield>
    <subfield code="a">[Photographies]</subfield>
    <subfield code="2">rero</subfield>
  </datafield>
  <datafield tag="800" ind1="1" ind2=" ">
    <subfield code="a">Urlaub, Farin,</subfield>
    <subfield code="d">1963-. -</subfield>
    <subfield code="t">Unterwegs</subfield>
    <subfield code="v">3-4</subfield>
  </datafield>
  <datafield tag="856" ind1="4" ind2="2">
    <subfield code="3">Inhaltsverzeichnis</subfield>
    <subfield code="u">http://d-nb.info/1071856731/04</subfield>
    <subfield code="q">application/pdf</subfield>
    <subfield code="z">Bd. 1</subfield>
  </datafield>
  <datafield tag="856" ind1="4" ind2="2">
    <subfield code="3">Inhaltstext</subfield>
    <subfield code="u">http://deposit.d-nb.de/cgi-bin/dokserv?id=5285372&amp;prov=M&amp;dok_var=1&amp;dok_ext=htm</subfield>
    <subfield code="q">text/html</subfield>
    <subfield code="z">Bd. 1</subfield>
  </datafield>
  <datafield tag="856" ind1="4" ind2="2">
    <subfield code="3">Inhaltsverzeichnis</subfield>
    <subfield code="u">http://d-nb.info/1071856723/04</subfield>
    <subfield code="q">application/pdf</subfield>
    <subfield code="z">Bd. 2</subfield>
  </datafield>
  <datafield tag="856" ind1="4" ind2="2">
    <subfield code="3">Inhaltstext</subfield>
    <subfield code="u">http://deposit.dnb.de/cgi-bin/dokserv?id=5285371&amp;prov=M&amp;dok_var=1&amp;dok_ext=htm</subfield>
    <subfield code="q">text/html</subfield>
    <subfield code="z">Bd. 2</subfield>
  </datafield>
  <datafield tag="900" ind1=" " ind2="1">
    <subfield code="a">DNB</subfield>
    <subfield code="b">20180110</subfield>
  </datafield>
  <datafield tag="900" ind1=" " ind2="1">
    <subfield code="a">DNB</subfield>
    <subfield code="b">20190124</subfield>
  </datafield>
  <datafield tag="901" ind1=" " ind2=" ">
    <subfield code="a">LAR CENT</subfield>
    <subfield code="b">2018/01</subfield>
    <subfield code="c">cdd910</subfield>
  </datafield>
  <datafield tag="919" ind1=" " ind2=" ">
    <subfield code="a">(Produktform (spezifisch))With dust jacket</subfield>
  </datafield>
  <datafield tag="919" ind1=" " ind2=" ">
    <subfield code="a">(Produktform)Hardback</subfield>
  </datafield>
  <datafield tag="919" ind1=" " ind2=" ">
    <subfield code="a">(VLB-WN)1353: Hardcover, Softcover / Reisen/Bildbände/Afrika</subfield>
  </datafield>
  <datafield tag="919" ind1=" " ind2=" ">
    <subfield code="a">Afrika</subfield>
  </datafield>
  <datafield tag="919" ind1=" " ind2=" ">
    <subfield code="a">Bildband</subfield>
  </datafield>
  <datafield tag="919" ind1=" " ind2=" ">
    <subfield code="a">Farin Urlaub</subfield>
  </datafield>
  <datafield tag="930" ind1=" " ind2=" ">
    <subfield code="a">(DNB) 1071856731</subfield>
  </datafield>
  <datafield tag="930" ind1=" " ind2=" ">
    <subfield code="a">(DNB) 1071856723</subfield>
  </datafield>
  <datafield tag="956" ind1=" " ind2=" ">
    <subfield code="a">frbcuc</subfield>
  </datafield>
  <datafield tag="981" ind1=" " ind2=" ">
    <subfield code="2">CDDCENT0</subfield>
    <subfield code="a">910</subfield>
  </datafield>
</record>