
<record>
  <leader>00937nam a22002772a 4500</leader>
  <controlfield tag="001">vtls006035525</controlfield>
  <controlfield tag="005">20180403170300.0</controlfield>
  <controlfield tag="008">110218s2005    be ||| |  ||||00|  |fre d</controlfield>
  <datafield tag="019" ind1=" " ind2=" ">
    <subfield code="a">Notice créée dans le cadre de la migration de la BM Delémont</subfield>
    <subfield code="9">jubmdj/04.2011</subfield>
  </datafield>
  <datafield tag="020" ind1=" " ind2=" ">
    <subfield code="a">9782203553248</subfield>
  </datafield>
  <datafield tag="035" ind1=" " ind2=" ">
    <subfield code="a">R006035525</subfield>
  </datafield>
  <datafield tag="039" ind1=" " ind2="9">
    <subfield code="a">201804031703</subfield>
    <subfield code="b">VLOAD</subfield>
    <subfield code="c">201705301339</subfield>
    <subfield code="d">VLOAD</subfield>
    <subfield code="c">201605151655</subfield>
    <subfield code="d">VLOAD</subfield>
    <subfield code="c">201405161440</subfield>
    <subfield code="d">8691</subfield>
    <subfield code="y">201106171602</subfield>
    <subfield code="z">VLOAD</subfield>
  </datafield>
  <datafield tag="040" ind1=" " ind2=" ">
    <subfield code="a">RERO jubmdj</subfield>
  </datafield>
  <datafield tag="072" ind1=" " ind2="7">
    <subfield code="a">s1zz</subfield>
    <subfield code="2">rero</subfield>
  </datafield>
  <datafield tag="100" ind1="1" ind2=" ">
    <subfield code="0">(RERO)A003153742</subfield>
    <subfield code="a">Daniel, Stéphane</subfield>
    <subfield code="4">cre</subfield>
  </datafield>
  <datafield tag="245" ind1="1" ind2="3">
    <subfield code="a">Un cadeau pour le Père Noël /</subfield>
    <subfield code="c">Stéphane Daniel, Olivier Latyk</subfield>
  </datafield>
  <datafield tag="264" ind1=" " ind2="1">
    <subfield code="a">Tournai :</subfield>
    <subfield code="b">Casterman,</subfield>
    <subfield code="c">2005</subfield>
  </datafield>
  <datafield tag="300" ind1=" " ind2=" ">
    <subfield code="c">25x30 cm</subfield>
  </datafield>
  <datafield tag="336" ind1=" " ind2=" ">
    <subfield code="b">txt</subfield>
    <subfield code="2">rdacontent</subfield>
  </datafield>
  <datafield tag="337" ind1=" " ind2=" ">
    <subfield code="b">n</subfield>
    <subfield code="2">rdamedia</subfield>
  </datafield>
  <datafield tag="338" ind1=" " ind2=" ">
    <subfield code="b">nc</subfield>
    <subfield code="2">rdacarrier</subfield>
  </datafield>
  <datafield tag="490" ind1="0" ind2=" ">
    <subfield code="a">Les Albums Duculot</subfield>
  </datafield>
  <datafield tag="700" ind1="1" ind2=" ">
    <subfield code="0">(RERO)A008733721</subfield>
    <subfield code="a">Latyk, Olivier</subfield>
  </datafield>
  <datafield tag="904" ind1=" " ind2=" ">
    <subfield code="a">jubmdjre op141642</subfield>
  </datafield>
  <datafield tag="960" ind1=" " ind2=" ">
    <subfield code="a">jubmdj</subfield>
  </datafield>
  <datafield tag="984" ind1=" " ind2=" ">
    <subfield code="2">jubmd</subfield>
    <subfield code="a">NOEL</subfield>
    <subfield code="e">[Album]</subfield>
  </datafield>
</record>