
<record>
  <leader>01385nam a2200385 a 4500</leader>
  <controlfield tag="001">vtls000368925</controlfield>
  <controlfield tag="005">20180825130500.0</controlfield>
  <controlfield tag="008">960525s1982    it |||||| ||||00|| |ger d</controlfield>
  <datafield tag="020" ind1=" " ind2=" ">
    <subfield code="a">9788885007475</subfield>
  </datafield>
  <datafield tag="035" ind1=" " ind2=" ">
    <subfield code="a">0400054</subfield>
  </datafield>
  <datafield tag="039" ind1=" " ind2="9">
    <subfield code="a">201808251305</subfield>
    <subfield code="b">VLOAD</subfield>
    <subfield code="c">201807270957</subfield>
    <subfield code="d">VLOAD</subfield>
    <subfield code="c">201711251153</subfield>
    <subfield code="d">VLOAD</subfield>
    <subfield code="c">201706101934</subfield>
    <subfield code="d">VLOAD</subfield>
    <subfield code="y">1999022719300000</subfield>
    <subfield code="z">load</subfield>
  </datafield>
  <datafield tag="040" ind1=" " ind2=" ">
    <subfield code="a">RERO</subfield>
  </datafield>
  <datafield tag="072" ind1=" " ind2="7">
    <subfield code="a">s1ha</subfield>
    <subfield code="2">rero</subfield>
  </datafield>
  <datafield tag="072" ind1=" " ind2="7">
    <subfield code="a">s2ar</subfield>
    <subfield code="2">rero</subfield>
  </datafield>
  <datafield tag="100" ind1="1" ind2=" ">
    <subfield code="0">(RERO)A003637021</subfield>
    <subfield code="a">Neuser, Kora</subfield>
    <subfield code="4">cre</subfield>
  </datafield>
  <datafield tag="245" ind1="1" ind2="0">
    <subfield code="a">Anemoi :</subfield>
    <subfield code="b">Studien zur Darstellung der Winde und Windgottheiten in der Antike /</subfield>
    <subfield code="c">Kora Neuser</subfield>
  </datafield>
  <datafield tag="264" ind1=" " ind2="1">
    <subfield code="a">Roma :</subfield>
    <subfield code="b">G. Bretschneider,</subfield>
    <subfield code="c">1982</subfield>
  </datafield>
  <datafield tag="300" ind1=" " ind2=" ">
    <subfield code="a">XXVIII, 249 p., 18 p. de pl. ;</subfield>
    <subfield code="c">25 cm</subfield>
  </datafield>
  <datafield tag="336" ind1=" " ind2=" ">
    <subfield code="b">txt</subfield>
    <subfield code="2">rdacontent</subfield>
  </datafield>
  <datafield tag="337" ind1=" " ind2=" ">
    <subfield code="b">n</subfield>
    <subfield code="2">rdamedia</subfield>
  </datafield>
  <datafield tag="338" ind1=" " ind2=" ">
    <subfield code="b">nc</subfield>
    <subfield code="2">rdacarrier</subfield>
  </datafield>
  <datafield tag="490" ind1="1" ind2=" ">
    <subfield code="a">Archaeologica</subfield>
    <subfield code="v">19</subfield>
  </datafield>
  <datafield tag="650" ind1=" " ind2="7">
    <subfield code="0">(RERO)A009950092</subfield>
    <subfield code="a">iconographie</subfield>
    <subfield code="2">rerovoc</subfield>
  </datafield>
  <datafield tag="650" ind1=" " ind2="7">
    <subfield code="0">(RERO)A021017036</subfield>
    <subfield code="a">Antiquité</subfield>
    <subfield code="2">rero</subfield>
  </datafield>
  <datafield tag="650" ind1=" " ind2="7">
    <subfield code="0">(RERO)A021013548</subfield>
    <subfield code="a">Dieux</subfield>
    <subfield code="2">rero</subfield>
  </datafield>
  <datafield tag="650" ind1=" " ind2="7">
    <subfield code="0">(RERO)A021065697</subfield>
    <subfield code="a">Vents</subfield>
    <subfield code="2">rero</subfield>
  </datafield>
  <datafield tag="830" ind1=" " ind2="0">
    <subfield code="a">Archaeologica.</subfield>
    <subfield code="p">Bretschneider</subfield>
    <subfield code="v">19</subfield>
  </datafield>
  <datafield tag="919" ind1=" " ind2=" ">
    <subfield code="9">650 _7</subfield>
    <subfield code="a">vent</subfield>
    <subfield code="x">* iconographie</subfield>
    <subfield code="y">Antiquité</subfield>
    <subfield code="2">chrero</subfield>
  </datafield>
  <datafield tag="919" ind1=" " ind2=" ">
    <subfield code="9">650 _7</subfield>
    <subfield code="a">divinités</subfield>
    <subfield code="x">vent</subfield>
    <subfield code="x">* iconographie</subfield>
    <subfield code="y">Antiquité</subfield>
    <subfield code="2">chrero</subfield>
  </datafield>
  <datafield tag="956" ind1=" " ind2=" ">
    <subfield code="a">frbcuc</subfield>
  </datafield>
  <datafield tag="957" ind1=" " ind2=" ">
    <subfield code="a">geulsa</subfield>
  </datafield>
  <datafield tag="981" ind1=" " ind2=" ">
    <subfield code="2">CDU</subfield>
    <subfield code="a">904:2</subfield>
  </datafield>
  <datafield tag="982" ind1=" " ind2=" ">
    <subfield code="2">ge-ulsa</subfield>
    <subfield code="a">AC:10*Archaeologica</subfield>
  </datafield>
  <datafield tag="992" ind1=" " ind2=" ">
    <subfield code="a">FLZ 1668/19</subfield>
    <subfield code="x">ge/ulsa/a/flz 1668/19</subfield>
  </datafield>
  <datafield tag="992" ind1=" " ind2=" ">
    <subfield code="a">BFLB 4491/19</subfield>
    <subfield code="x">ge/ulsa/a/flz 1668/19</subfield>
  </datafield>
</record>