
<record>
  <leader>01301nam a22003617a 4500</leader>
  <controlfield tag="001">vtls002707627</controlfield>
  <controlfield tag="005">20180828125500.0</controlfield>
  <controlfield tag="008">000921s1999    gw |||||| ||||00|  |ger d</controlfield>
  <datafield tag="020" ind1=" " ind2=" ">
    <subfield code="a">9783403030959</subfield>
  </datafield>
  <datafield tag="035" ind1=" " ind2=" ">
    <subfield code="a">R270762760</subfield>
  </datafield>
  <datafield tag="039" ind1=" " ind2=" ">
    <subfield code="b">0104</subfield>
    <subfield code="b">0104i</subfield>
  </datafield>
  <datafield tag="039" ind1=" " ind2="9">
    <subfield code="a">201808281255</subfield>
    <subfield code="b">VLOAD</subfield>
    <subfield code="c">201711251634</subfield>
    <subfield code="d">VLOAD</subfield>
    <subfield code="c">201706111219</subfield>
    <subfield code="d">VLOAD</subfield>
    <subfield code="c">201307251844</subfield>
    <subfield code="d">VLOAD</subfield>
    <subfield code="y">200009211329</subfield>
    <subfield code="z">VLOAD</subfield>
  </datafield>
  <datafield tag="040" ind1=" " ind2=" ">
    <subfield code="a">RERO frbcuc</subfield>
  </datafield>
  <datafield tag="072" ind1=" " ind2="7">
    <subfield code="a">s1pe</subfield>
    <subfield code="2">rero</subfield>
  </datafield>
  <datafield tag="100" ind1="1" ind2=" ">
    <subfield code="0">(RERO)A003063735</subfield>
    <subfield code="a">Bäuerle, Siegfried</subfield>
    <subfield code="4">cre</subfield>
  </datafield>
  <datafield tag="245" ind1="1" ind2="0">
    <subfield code="a">Gewalt in der Schule /</subfield>
    <subfield code="c">Siegfried Bäuerle / Helgard Moll-Strobel / Gerd-Bodo Reinert ...</subfield>
  </datafield>
  <datafield tag="264" ind1=" " ind2="1">
    <subfield code="a">Donauwörth :</subfield>
    <subfield code="b">Auer Verl.,</subfield>
    <subfield code="c">1999</subfield>
  </datafield>
  <datafield tag="300" ind1=" " ind2=" ">
    <subfield code="a">214 S. :</subfield>
    <subfield code="b">Abb. ;</subfield>
    <subfield code="c">20 cm</subfield>
  </datafield>
  <datafield tag="336" ind1=" " ind2=" ">
    <subfield code="b">txt</subfield>
    <subfield code="2">rdacontent</subfield>
  </datafield>
  <datafield tag="337" ind1=" " ind2=" ">
    <subfield code="b">n</subfield>
    <subfield code="2">rdamedia</subfield>
  </datafield>
  <datafield tag="338" ind1=" " ind2=" ">
    <subfield code="b">nc</subfield>
    <subfield code="2">rdacarrier</subfield>
  </datafield>
  <datafield tag="490" ind1="1" ind2=" ">
    <subfield code="a">Schule und Unterricht</subfield>
  </datafield>
  <datafield tag="650" ind1=" " ind2="7">
    <subfield code="0">(RERO)A021002977</subfield>
    <subfield code="a">Violence</subfield>
    <subfield code="2">rero</subfield>
  </datafield>
  <datafield tag="650" ind1=" " ind2="7">
    <subfield code="0">(RERO)A021018110</subfield>
    <subfield code="a">Élèves</subfield>
    <subfield code="2">rero</subfield>
  </datafield>
  <datafield tag="650" ind1=" " ind2="7">
    <subfield code="0">(RERO)A021002534</subfield>
    <subfield code="a">Prévention</subfield>
    <subfield code="2">rero</subfield>
  </datafield>
  <datafield tag="650" ind1=" " ind2="7">
    <subfield code="0">(RERO)A021007865</subfield>
    <subfield code="a">Écoles</subfield>
    <subfield code="2">rero</subfield>
  </datafield>
  <datafield tag="700" ind1="1" ind2=" ">
    <subfield code="0">(RERO)A003602477</subfield>
    <subfield code="a">Moll-Strobel, Helgard</subfield>
  </datafield>
  <datafield tag="700" ind1="1" ind2=" ">
    <subfield code="0">(RERO)A003735577</subfield>
    <subfield code="a">Reinert, Gerd-Bodo,</subfield>
    <subfield code="d">1942-</subfield>
  </datafield>
  <datafield tag="830" ind1=" " ind2="0">
    <subfield code="a">Schule und Unterricht</subfield>
  </datafield>
  <datafield tag="919" ind1=" " ind2=" ">
    <subfield code="9">650 _7</subfield>
    <subfield code="a">école</subfield>
    <subfield code="x">élève</subfield>
    <subfield code="x">violence - prévention</subfield>
    <subfield code="2">chrero</subfield>
  </datafield>
  <datafield tag="919" ind1=" " ind2=" ">
    <subfield code="9">650 _7</subfield>
    <subfield code="a">école</subfield>
    <subfield code="x">violence</subfield>
    <subfield code="2">chrero</subfield>
  </datafield>
  <datafield tag="956" ind1=" " ind2=" ">
    <subfield code="a">frbcuc</subfield>
  </datafield>
  <datafield tag="981" ind1=" " ind2=" ">
    <subfield code="2">SPAED</subfield>
    <subfield code="a">C-2</subfield>
  </datafield>
</record>