
<record>
  <leader>03745naa a2200481 a 4500</leader>
  <controlfield tag="001">vtls003301228</controlfield>
  <controlfield tag="005">20171125230200.0</controlfield>
  <controlfield tag="008">030123s2002    xxk||| |  ||||00|  |eng d</controlfield>
  <datafield tag="020" ind1=" " ind2=" ">
    <subfield code="a">9789057023552</subfield>
  </datafield>
  <datafield tag="035" ind1=" " ind2=" ">
    <subfield code="a">R003301228</subfield>
  </datafield>
  <datafield tag="039" ind1=" " ind2="7">
    <subfield code="b">4401</subfield>
  </datafield>
  <datafield tag="039" ind1=" " ind2="9">
    <subfield code="a">201711252302</subfield>
    <subfield code="b">VLOAD</subfield>
    <subfield code="c">201706111026</subfield>
    <subfield code="d">VLOAD</subfield>
    <subfield code="c">201702061120</subfield>
    <subfield code="d">4401</subfield>
    <subfield code="c">200812211925</subfield>
    <subfield code="d">VLOAD</subfield>
    <subfield code="y">200301231514</subfield>
    <subfield code="z">4405</subfield>
  </datafield>
  <datafield tag="040" ind1=" " ind2=" ">
    <subfield code="a">RERO neueth</subfield>
  </datafield>
  <datafield tag="072" ind1=" " ind2="7">
    <subfield code="a">s1et</subfield>
    <subfield code="2">rero</subfield>
  </datafield>
  <datafield tag="100" ind1="1" ind2=" ">
    <subfield code="0">(RERO)A003647979</subfield>
    <subfield code="a">Nuttall, Mark</subfield>
    <subfield code="4">cre</subfield>
  </datafield>
  <datafield tag="245" ind1="1" ind2="0">
    <subfield code="a">Protecting the Arctic :</subfield>
    <subfield code="b">indigenous peoples and cultural survival /</subfield>
    <subfield code="c">Mark Nuttall</subfield>
  </datafield>
  <datafield tag="250" ind1=" " ind2=" ">
    <subfield code="a">Reprint.</subfield>
  </datafield>
  <datafield tag="264" ind1=" " ind2="1">
    <subfield code="a">London :</subfield>
    <subfield code="b">Routledge,</subfield>
    <subfield code="c">2002</subfield>
  </datafield>
  <datafield tag="300" ind1=" " ind2=" ">
    <subfield code="a">V, 195 p. :</subfield>
    <subfield code="b">ill. ;</subfield>
    <subfield code="c">24 cm</subfield>
  </datafield>
  <datafield tag="336" ind1=" " ind2=" ">
    <subfield code="b">txt</subfield>
    <subfield code="2">rdacontent</subfield>
  </datafield>
  <datafield tag="337" ind1=" " ind2=" ">
    <subfield code="b">n</subfield>
    <subfield code="2">rdamedia</subfield>
  </datafield>
  <datafield tag="338" ind1=" " ind2=" ">
    <subfield code="b">nc</subfield>
    <subfield code="2">rdacarrier</subfield>
  </datafield>
  <datafield tag="490" ind1="1" ind2=" ">
    <subfield code="a">Studies in environmental anthropology</subfield>
    <subfield code="v">vol. 3</subfield>
  </datafield>
  <datafield tag="504" ind1=" " ind2=" ">
    <subfield code="a">Bibliogr.: p. 177-187</subfield>
  </datafield>
  <datafield tag="505" ind1="0" ind2=" ">
    <subfield code="a">Indigenous peoples and the Arctic environment -- Environmental protection and sustainable development -- Sustaining environmental co-operation -- Ways of knowing, ways of acting : the claim for indigenous environmental knowledge -- Hunting and the right to development : the case of aboriginal subsistence whaling -- Cultural preservation through cultural presentation : indigenous peoples and Arctic tourism -- Constructing indigenous environmentalism</subfield>
  </datafield>
  <datafield tag="520" ind1="8" ind2=" ">
    <subfield code="a">4e de couv.: In recent years, international attention has focused on the Arctic as a critical zone for global environmental change, due to concern over global warming, atmospheric pollution, ozone depletion, overfishing, and uncontrolled resource extraction. With the internationalization of the circumpolar north through quests for natural resources and the growth of capitalist markets, the importance of the correct use of natural resources and proper ways forward for Arctic environmental protection has given rise to intense debate. Yet, despite the diversity of the indigenous peoples and cultures of this area, science-based resource management systems designed to safeguard wildlife and the Arctic environment have, for the most part, ignored indigenous perspectives. &quot;Protecting the Arctic&quot; explores some of the ways in which indigenous peoples have taken political action regarding Arctic environmental and sustainable development issues, and investigates the involvement of indigenous peoples in international environmental policy- making. Nuttall illustrates how indigenous peoples make claims that their own forms of resource management not only have relevance in an Arctic regional context, but provide models for the inclusion of indigenous values and environmental knowledge in the design, negotiation and implementation of global environmental policy.</subfield>
    <subfield code="9">neueth/02.2017</subfield>
  </datafield>
  <datafield tag="650" ind1=" " ind2="7">
    <subfield code="0">(RERO)A021001306</subfield>
    <subfield code="a">Politique de l&apos;environnement</subfield>
    <subfield code="2">rero</subfield>
  </datafield>
  <datafield tag="650" ind1=" " ind2="7">
    <subfield code="0">(RERO)A021005003</subfield>
    <subfield code="a">Indiens d&apos;Amérique</subfield>
    <subfield code="2">rero</subfield>
  </datafield>
  <datafield tag="650" ind1=" " ind2="7">
    <subfield code="0">(RERO)A021001916</subfield>
    <subfield code="a">Inuits</subfield>
    <subfield code="2">rero</subfield>
  </datafield>
  <datafield tag="650" ind1=" " ind2="7">
    <subfield code="0">(RERO)A021098976</subfield>
    <subfield code="a">Développement durable</subfield>
    <subfield code="2">rero</subfield>
  </datafield>
  <datafield tag="650" ind1=" " ind2="7">
    <subfield code="0">(RERO)A021008861</subfield>
    <subfield code="a">Tourisme culturel</subfield>
    <subfield code="2">rero</subfield>
  </datafield>
  <datafield tag="650" ind1=" " ind2="7">
    <subfield code="0">(RERO)A021014429</subfield>
    <subfield code="a">Ressources naturelles</subfield>
    <subfield code="2">rero</subfield>
  </datafield>
  <datafield tag="650" ind1=" " ind2="7">
    <subfield code="0">(RERO)A021014410</subfield>
    <subfield code="a">Peuples de l&apos;Arctique</subfield>
    <subfield code="2">rero</subfield>
  </datafield>
  <datafield tag="650" ind1=" " ind2="7">
    <subfield code="0">(RERO)A010028893</subfield>
    <subfield code="a">société (milieu humain)</subfield>
    <subfield code="2">rerovoc</subfield>
  </datafield>
  <datafield tag="650" ind1=" " ind2="7">
    <subfield code="0">(RERO)A009956908</subfield>
    <subfield code="a">Amérindien (peuple)</subfield>
    <subfield code="2">rerovoc</subfield>
  </datafield>
  <datafield tag="650" ind1=" " ind2="7">
    <subfield code="0">(RERO)A021001916</subfield>
    <subfield code="a">Inuits</subfield>
    <subfield code="2">rero</subfield>
  </datafield>
  <datafield tag="651" ind1=" " ind2="7">
    <subfield code="0">(RERO)A009960544</subfield>
    <subfield code="a">Arctique</subfield>
    <subfield code="2">rero</subfield>
  </datafield>
  <datafield tag="830" ind1=" " ind2="0">
    <subfield code="a">Studies in environmental anthropology</subfield>
    <subfield code="v">3</subfield>
  </datafield>
  <datafield tag="904" ind1=" " ind2=" ">
    <subfield code="a">neuethna</subfield>
    <subfield code="b">2003/01</subfield>
    <subfield code="c">Gm</subfield>
  </datafield>
  <datafield tag="919" ind1=" " ind2=" ">
    <subfield code="9">650 _7</subfield>
    <subfield code="a">politique de l&apos;environnement</subfield>
    <subfield code="x">société (milieu humain)</subfield>
    <subfield code="z">Arctique</subfield>
    <subfield code="2">chrero</subfield>
  </datafield>
  <datafield tag="919" ind1=" " ind2=" ">
    <subfield code="9">650 _7</subfield>
    <subfield code="a">Amérindien (peuple)</subfield>
    <subfield code="x">développement durable</subfield>
    <subfield code="z">Arctique</subfield>
    <subfield code="2">chrero</subfield>
  </datafield>
  <datafield tag="919" ind1=" " ind2=" ">
    <subfield code="9">650 _7</subfield>
    <subfield code="a">développement durable</subfield>
    <subfield code="x">Esquimau (peuple)</subfield>
    <subfield code="z">Arctique</subfield>
    <subfield code="2">chrero</subfield>
  </datafield>
  <datafield tag="962" ind1=" " ind2=" ">
    <subfield code="a">neueth</subfield>
  </datafield>
</record>