
<record>
  <leader>01613nam a2200349 a 4500</leader>
  <controlfield tag="001">vtls002663923</controlfield>
  <controlfield tag="005">20180828105700.0</controlfield>
  <controlfield tag="008">000913s1999    it |||||| ||||10|  |ita d</controlfield>
  <datafield tag="020" ind1=" " ind2=" ">
    <subfield code="a">9788814075438</subfield>
  </datafield>
  <datafield tag="035" ind1=" " ind2=" ">
    <subfield code="a">R266392360</subfield>
  </datafield>
  <datafield tag="039" ind1=" " ind2=" ">
    <subfield code="b">0107</subfield>
    <subfield code="b">0114i</subfield>
  </datafield>
  <datafield tag="039" ind1=" " ind2="9">
    <subfield code="a">201808281057</subfield>
    <subfield code="b">VLOAD</subfield>
    <subfield code="c">201706111105</subfield>
    <subfield code="d">VLOAD</subfield>
    <subfield code="c">200812210820</subfield>
    <subfield code="d">VLOAD</subfield>
    <subfield code="c">200605290136</subfield>
    <subfield code="d">VLOAD</subfield>
    <subfield code="y">200009130053</subfield>
    <subfield code="z">VLOAD</subfield>
  </datafield>
  <datafield tag="040" ind1=" " ind2=" ">
    <subfield code="a">RERO frbcuc</subfield>
  </datafield>
  <datafield tag="072" ind1=" " ind2="7">
    <subfield code="a">s1dr</subfield>
    <subfield code="2">rero</subfield>
  </datafield>
  <datafield tag="245" ind1="0" ind2="0">
    <subfield code="a">Possibilità e limiti di un diritto penale dell&apos;Unione europea :</subfield>
    <subfield code="b">atti dell&apos;incontro di studio organizzato dal Dipartimento di scienze giuridiche e dalla Facoltà di giurisprudenza dell&apos;Università degli studi di Trento in cooperazione con il Centro di diritto penale tributario (Trento, 3 e 4 ottobre 1997) /</subfield>
    <subfield code="c">a cura di Lorenzo Picotti</subfield>
  </datafield>
  <datafield tag="264" ind1=" " ind2="1">
    <subfield code="a">Milano :</subfield>
    <subfield code="b">A. Giuffrè,</subfield>
    <subfield code="c">[1999]</subfield>
  </datafield>
  <datafield tag="264" ind1=" " ind2="4">
    <subfield code="c">© 1999</subfield>
  </datafield>
  <datafield tag="300" ind1=" " ind2=" ">
    <subfield code="a">XX, 214 p. ;</subfield>
    <subfield code="c">23 cm</subfield>
  </datafield>
  <datafield tag="336" ind1=" " ind2=" ">
    <subfield code="b">txt</subfield>
    <subfield code="2">rdacontent</subfield>
  </datafield>
  <datafield tag="337" ind1=" " ind2=" ">
    <subfield code="b">n</subfield>
    <subfield code="2">rdamedia</subfield>
  </datafield>
  <datafield tag="338" ind1=" " ind2=" ">
    <subfield code="b">nc</subfield>
    <subfield code="2">rdacarrier</subfield>
  </datafield>
  <datafield tag="490" ind1="1" ind2=" ">
    <subfield code="a">Pubblicazioni del Centro di diritto penale europeo</subfield>
  </datafield>
  <datafield tag="650" ind1=" " ind2="7">
    <subfield code="0">(RERO)A021065410</subfield>
    <subfield code="a">Droit pénal</subfield>
    <subfield code="2">rero</subfield>
  </datafield>
  <datafield tag="650" ind1=" " ind2="7">
    <subfield code="0">(RERO)A021008649</subfield>
    <subfield code="a">Droit européen</subfield>
    <subfield code="2">rero</subfield>
  </datafield>
  <datafield tag="655" ind1=" " ind2="7">
    <subfield code="0">(RERO)A021105530</subfield>
    <subfield code="a">[Actes de congrès]</subfield>
    <subfield code="2">rero</subfield>
  </datafield>
  <datafield tag="700" ind1="1" ind2=" ">
    <subfield code="0">(RERO)A003692739</subfield>
    <subfield code="a">Picotti, Lorenzo</subfield>
  </datafield>
  <datafield tag="710" ind1="2" ind2=" ">
    <subfield code="0">(RERO)A012467220</subfield>
    <subfield code="a">Libera università degli studi di Trento.</subfield>
    <subfield code="b">Dipartimento di scienze giuridiche.</subfield>
    <subfield code="b">Studio</subfield>
    <subfield code="d">(1997 :</subfield>
    <subfield code="c">Trento)</subfield>
  </datafield>
  <datafield tag="830" ind1=" " ind2="0">
    <subfield code="a">Pubblicazioni del Centro di diritto penale europeo</subfield>
  </datafield>
  <datafield tag="901" ind1=" " ind2=" ">
    <subfield code="a">LAR BFD</subfield>
    <subfield code="b">2000/03</subfield>
    <subfield code="c">07</subfield>
  </datafield>
  <datafield tag="919" ind1=" " ind2=" ">
    <subfield code="9">650 _7</subfield>
    <subfield code="a">droit pénal</subfield>
    <subfield code="x">* droit communautaire</subfield>
    <subfield code="v">[congrès]</subfield>
    <subfield code="2">chrero</subfield>
  </datafield>
  <datafield tag="956" ind1=" " ind2=" ">
    <subfield code="a">frbcuc</subfield>
  </datafield>
  <datafield tag="980" ind1=" " ind2=" ">
    <subfield code="2">dr-sys</subfield>
    <subfield code="a">CA/CE 87 e</subfield>
  </datafield>
</record>