
<record>
  <leader>01192naa a22002537a 4500</leader>
  <controlfield tag="001">vtls003425527</controlfield>
  <controlfield tag="005">20170518121300.0</controlfield>
  <controlfield tag="008">980412s1977    xx ||| |  ||||00|  0ger d</controlfield>
  <datafield tag="035" ind1=" " ind2=" ">
    <subfield code="a">R003425527</subfield>
  </datafield>
  <datafield tag="039" ind1=" " ind2="9">
    <subfield code="a">201705181213</subfield>
    <subfield code="b">VLOAD</subfield>
    <subfield code="c">201605141044</subfield>
    <subfield code="d">VLOAD</subfield>
    <subfield code="c">201210181857</subfield>
    <subfield code="d">VLOAD</subfield>
    <subfield code="c">201112192050</subfield>
    <subfield code="d">VLOAD</subfield>
    <subfield code="y">200506232213</subfield>
    <subfield code="z">VLOAD</subfield>
  </datafield>
  <datafield tag="040" ind1=" " ind2=" ">
    <subfield code="a">RERO gewcc-</subfield>
  </datafield>
  <datafield tag="072" ind1=" " ind2="7">
    <subfield code="a">s1th</subfield>
    <subfield code="2">rero</subfield>
  </datafield>
  <datafield tag="245" ind1="0" ind2="0">
    <subfield code="a">Folgerungen nach Nairobi für unsere Kirchen</subfield>
  </datafield>
  <datafield tag="264" ind1=" " ind2="1">
    <subfield code="a">Zürich :</subfield>
    <subfield code="b">Evangelisch-Reformierte Landeskirche des Kantons Zürich,</subfield>
    <subfield code="c">1977</subfield>
  </datafield>
  <datafield tag="300" ind1=" " ind2=" ">
    <subfield code="a">9 p. ;</subfield>
    <subfield code="c">21 cm</subfield>
  </datafield>
  <datafield tag="336" ind1=" " ind2=" ">
    <subfield code="b">txt</subfield>
    <subfield code="2">rdacontent</subfield>
  </datafield>
  <datafield tag="337" ind1=" " ind2=" ">
    <subfield code="b">n</subfield>
    <subfield code="2">rdamedia</subfield>
  </datafield>
  <datafield tag="338" ind1=" " ind2=" ">
    <subfield code="b">nc</subfield>
    <subfield code="2">rdacarrier</subfield>
  </datafield>
  <datafield tag="580" ind1=" " ind2=" ">
    <subfield code="a">In: Protokoll der Kirchensynode des Kantons Zürich, 24. Amtsdauer, 8. Sitzung ; Ausserordentliche Versammlung vom 18.1.1977, p. 23-32</subfield>
  </datafield>
  <datafield tag="710" ind1="2" ind2=" ">
    <subfield code="0">(RERO)A000059563</subfield>
    <subfield code="a">Evangelisch-Reformierte Landeskirche des Kantons Zürich</subfield>
  </datafield>
  <datafield tag="773" ind1="1" ind2=" ">
    <subfield code="t">Protokoll der Kirchensynode des Kantons Zürich, 24. Amtsdauer, 8. Sitzung</subfield>
    <subfield code="g">Ausserordentliche Versammlung vom 18.1.1977, p. 23-32</subfield>
  </datafield>
  <datafield tag="957" ind1=" " ind2=" ">
    <subfield code="a">gewcc-</subfield>
  </datafield>
  <datafield tag="982" ind1=" " ind2=" ">
    <subfield code="2">wccsh</subfield>
    <subfield code="a">Switzerland</subfield>
    <subfield code="d">Ecumenical movement</subfield>
  </datafield>
  <datafield tag="982" ind1=" " ind2=" ">
    <subfield code="0">(RERO)6A004393402</subfield>
    <subfield code="2">wccsh</subfield>
    <subfield code="a">World Council of Churches. Assembly (5th : 1975 : Nairobi, Kenya)</subfield>
    <subfield code="e">[LCSH]</subfield>
  </datafield>
</record>