
<record>
  <leader>01970nam a2200481 a 4500</leader>
  <controlfield tag="001">vtls001667127</controlfield>
  <controlfield tag="005">20170610172800.0</controlfield>
  <controlfield tag="008">940308s1993    xxu|||||| ||||00|| |fre d</controlfield>
  <datafield tag="020" ind1=" " ind2=" ">
    <subfield code="a">9789290450870</subfield>
  </datafield>
  <datafield tag="035" ind1=" " ind2=" ">
    <subfield code="a">1822447</subfield>
  </datafield>
  <datafield tag="039" ind1=" " ind2="9">
    <subfield code="a">201706101728</subfield>
    <subfield code="b">VLOAD</subfield>
    <subfield code="c">201605161350</subfield>
    <subfield code="d">VLOAD</subfield>
    <subfield code="c">201107140852</subfield>
    <subfield code="d">7870</subfield>
    <subfield code="c">200912292315</subfield>
    <subfield code="d">VLOAD</subfield>
    <subfield code="y">1999030104410000</subfield>
    <subfield code="z">load</subfield>
  </datafield>
  <datafield tag="040" ind1=" " ind2=" ">
    <subfield code="a">RERO gevbpu</subfield>
  </datafield>
  <datafield tag="072" ind1=" " ind2="7">
    <subfield code="a">s1sp</subfield>
    <subfield code="2">rero</subfield>
  </datafield>
  <datafield tag="100" ind1="1" ind2=" ">
    <subfield code="0">(RERO)A003694588</subfield>
    <subfield code="a">Pilandon, Louis</subfield>
    <subfield code="4">cre</subfield>
  </datafield>
  <datafield tag="245" ind1="1" ind2="0">
    <subfield code="a">Transition vers l&apos;économie de marché des pays &quot;ex de l&apos;Est&quot; /</subfield>
    <subfield code="c">Louis Pilandon</subfield>
  </datafield>
  <datafield tag="264" ind1=" " ind2="1">
    <subfield code="a">New York :</subfield>
    <subfield code="b">Nations Unies,</subfield>
    <subfield code="c">1993</subfield>
  </datafield>
  <datafield tag="300" ind1=" " ind2=" ">
    <subfield code="a">VI, 90 p. ;</subfield>
    <subfield code="c">30 cm</subfield>
  </datafield>
  <datafield tag="336" ind1=" " ind2=" ">
    <subfield code="b">txt</subfield>
    <subfield code="2">rdacontent</subfield>
  </datafield>
  <datafield tag="337" ind1=" " ind2=" ">
    <subfield code="b">n</subfield>
    <subfield code="2">rdamedia</subfield>
  </datafield>
  <datafield tag="338" ind1=" " ind2=" ">
    <subfield code="b">nc</subfield>
    <subfield code="2">rdacarrier</subfield>
  </datafield>
  <datafield tag="490" ind1="1" ind2=" ">
    <subfield code="a">Travaux de recherche / Institut des Nations Unies pour la recherche sur le désarmement</subfield>
    <subfield code="v">n⁰ 23</subfield>
  </datafield>
  <datafield tag="650" ind1=" " ind2="7">
    <subfield code="0">(RERO)A021008657</subfield>
    <subfield code="a">Économie de marché</subfield>
    <subfield code="2">rero</subfield>
  </datafield>
  <datafield tag="650" ind1=" " ind2="7">
    <subfield code="0">(RERO)A009974021</subfield>
    <subfield code="a">changement économique</subfield>
    <subfield code="2">rerovoc</subfield>
  </datafield>
  <datafield tag="651" ind1=" " ind2="7">
    <subfield code="0">(RERO)A009955278</subfield>
    <subfield code="a">Europe orientale</subfield>
    <subfield code="2">rero</subfield>
  </datafield>
  <datafield tag="830" ind1=" " ind2="0">
    <subfield code="a">Travaux de recherche / Institut des Nations Unies pour la recherche sur le désarmement</subfield>
    <subfield code="v">23</subfield>
  </datafield>
  <datafield tag="919" ind1=" " ind2=" ">
    <subfield code="9">650 _7</subfield>
    <subfield code="a">économie de marché</subfield>
    <subfield code="z">Europe orientale</subfield>
    <subfield code="2">chrero</subfield>
  </datafield>
  <datafield tag="919" ind1=" " ind2=" ">
    <subfield code="9">650 _7</subfield>
    <subfield code="a">changement économique</subfield>
    <subfield code="z">Europe orientale</subfield>
    <subfield code="2">chrero</subfield>
  </datafield>
  <datafield tag="953" ind1=" " ind2=" ">
    <subfield code="a">ifisdc</subfield>
  </datafield>
  <datafield tag="957" ind1=" " ind2=" ">
    <subfield code="a">geheid gevbge</subfield>
  </datafield>
  <datafield tag="962" ind1=" " ind2=" ">
    <subfield code="a">nebpun</subfield>
  </datafield>
  <datafield tag="980" ind1=" " ind2=" ">
    <subfield code="2">dr-sys</subfield>
    <subfield code="a">BB 40.3 h</subfield>
  </datafield>
  <datafield tag="982" ind1=" " ind2=" ">
    <subfield code="0">(RERO)6A005593940</subfield>
    <subfield code="2">twse</subfield>
    <subfield code="a">transition</subfield>
  </datafield>
  <datafield tag="982" ind1=" " ind2=" ">
    <subfield code="0">(RERO)6A005593547</subfield>
    <subfield code="2">twse</subfield>
    <subfield code="a">Fédération de Russie</subfield>
  </datafield>
  <datafield tag="982" ind1=" " ind2=" ">
    <subfield code="0">(RERO)6A005593436</subfield>
    <subfield code="2">twse</subfield>
    <subfield code="a">réformes économiques</subfield>
  </datafield>
  <datafield tag="982" ind1=" " ind2=" ">
    <subfield code="0">(RERO)6A005593193</subfield>
    <subfield code="2">twse</subfield>
    <subfield code="a">Pologne</subfield>
  </datafield>
  <datafield tag="982" ind1=" " ind2=" ">
    <subfield code="0">(RERO)6A005592398</subfield>
    <subfield code="2">twse</subfield>
    <subfield code="a">libéralisation</subfield>
  </datafield>
  <datafield tag="982" ind1=" " ind2=" ">
    <subfield code="0">(RERO)6A005591742</subfield>
    <subfield code="2">twse</subfield>
    <subfield code="a">Europe orientale</subfield>
  </datafield>
  <datafield tag="982" ind1=" " ind2=" ">
    <subfield code="0">(RERO)6A005591736</subfield>
    <subfield code="2">twse</subfield>
    <subfield code="a">Europe du Sud-Est</subfield>
  </datafield>
  <datafield tag="982" ind1=" " ind2=" ">
    <subfield code="2">heid</subfield>
    <subfield code="a">341.67(050)</subfield>
  </datafield>
  <datafield tag="982" ind1=" " ind2=" ">
    <subfield code="2">ge-heid</subfield>
    <subfield code="a">341.67(050) HEIA 6347/23</subfield>
  </datafield>
  <datafield tag="983" ind1=" " ind2=" ">
    <subfield code="2">isdc</subfield>
    <subfield code="a">BB 40.3 h PILA 1993</subfield>
  </datafield>
  <datafield tag="992" ind1=" " ind2=" ">
    <subfield code="a">BGE BXM 2044</subfield>
    <subfield code="x">ge/vbge/w/94</subfield>
  </datafield>
  <datafield tag="994" ind1=" " ind2=" ">
    <subfield code="a">NP ZA 2642</subfield>
    <subfield code="x">ne/bpun/a/1995/3323</subfield>
  </datafield>
</record>