
<record>
  <leader>01179nam a22003257a 4500</leader>
  <controlfield tag="001">vtls002676828</controlfield>
  <controlfield tag="005">20180828113000.0</controlfield>
  <controlfield tag="008">000916s1999    ne ||| |  ||||00|  |eng d</controlfield>
  <datafield tag="020" ind1=" " ind2=" ">
    <subfield code="a">9780080433707</subfield>
  </datafield>
  <datafield tag="035" ind1=" " ind2=" ">
    <subfield code="a">R267682860</subfield>
  </datafield>
  <datafield tag="039" ind1=" " ind2=" ">
    <subfield code="b">0116</subfield>
    <subfield code="b">0101i</subfield>
  </datafield>
  <datafield tag="039" ind1=" " ind2="9">
    <subfield code="a">201808281130</subfield>
    <subfield code="b">VLOAD</subfield>
    <subfield code="c">201807031522</subfield>
    <subfield code="d">VLOAD</subfield>
    <subfield code="c">201706111126</subfield>
    <subfield code="d">VLOAD</subfield>
    <subfield code="c">200812210821</subfield>
    <subfield code="d">VLOAD</subfield>
    <subfield code="y">200009160514</subfield>
    <subfield code="z">VLOAD</subfield>
  </datafield>
  <datafield tag="040" ind1=" " ind2=" ">
    <subfield code="a">RERO frbcuc</subfield>
  </datafield>
  <datafield tag="044" ind1=" " ind2=" ">
    <subfield code="a">sz</subfield>
    <subfield code="c">ch-vd</subfield>
  </datafield>
  <datafield tag="072" ind1=" " ind2="7">
    <subfield code="a">s1lg</subfield>
    <subfield code="2">rero</subfield>
  </datafield>
  <datafield tag="245" ind1="0" ind2="0">
    <subfield code="a">Language acquisition :</subfield>
    <subfield code="b">knowledge, representation and processing /</subfield>
    <subfield code="c">Antonella Sorace...[et al.]</subfield>
  </datafield>
  <datafield tag="264" ind1=" " ind2="1">
    <subfield code="a">Amsterdam ; Lausanne [etc.] :</subfield>
    <subfield code="b">North-Holland,</subfield>
    <subfield code="c">1999</subfield>
  </datafield>
  <datafield tag="300" ind1=" " ind2=" ">
    <subfield code="a">263 p. ;</subfield>
    <subfield code="c">25 cm</subfield>
  </datafield>
  <datafield tag="336" ind1=" " ind2=" ">
    <subfield code="b">txt</subfield>
    <subfield code="2">rdacontent</subfield>
  </datafield>
  <datafield tag="337" ind1=" " ind2=" ">
    <subfield code="b">n</subfield>
    <subfield code="2">rdamedia</subfield>
  </datafield>
  <datafield tag="338" ind1=" " ind2=" ">
    <subfield code="b">nc</subfield>
    <subfield code="2">rdacarrier</subfield>
  </datafield>
  <datafield tag="500" ind1=" " ind2=" ">
    <subfield code="a">Conference held in Edinburgh in April 1997</subfield>
  </datafield>
  <datafield tag="650" ind1=" " ind2="7">
    <subfield code="0">(RERO)A021102510</subfield>
    <subfield code="a">Langues</subfield>
    <subfield code="2">rero</subfield>
  </datafield>
  <datafield tag="650" ind1=" " ind2="7">
    <subfield code="0">(RERO)A021017034</subfield>
    <subfield code="a">Étude et enseignement</subfield>
    <subfield code="2">rero</subfield>
  </datafield>
  <datafield tag="655" ind1=" " ind2="7">
    <subfield code="0">(RERO)A021105530</subfield>
    <subfield code="a">[Actes de congrès]</subfield>
    <subfield code="2">rero</subfield>
  </datafield>
  <datafield tag="700" ind1="1" ind2=" ">
    <subfield code="0">(RERO)A003849279</subfield>
    <subfield code="a">Sorace, Antonella</subfield>
  </datafield>
  <datafield tag="901" ind1=" " ind2=" ">
    <subfield code="a">LAR BLL</subfield>
    <subfield code="b">2000/04</subfield>
    <subfield code="c">SLF</subfield>
  </datafield>
  <datafield tag="919" ind1=" " ind2=" ">
    <subfield code="9">650 _7</subfield>
    <subfield code="a">langue - apprentissage (psychologie)</subfield>
    <subfield code="v">[congrès]</subfield>
    <subfield code="2">chrero</subfield>
  </datafield>
  <datafield tag="956" ind1=" " ind2=" ">
    <subfield code="a">frbcuc</subfield>
  </datafield>
  <datafield tag="981" ind1=" " ind2=" ">
    <subfield code="2">CDU</subfield>
    <subfield code="a">801:37(06)</subfield>
  </datafield>
</record>