
<record>
  <leader>01880cam a2200445 a 4500</leader>
  <controlfield tag="001">vtls008671715</controlfield>
  <controlfield tag="005">20190215125700.0</controlfield>
  <controlfield tag="008">170626s2017    ru ||| |  ||||00|  |rus d</controlfield>
  <datafield tag="020" ind1=" " ind2=" ">
    <subfield code="a">9785932734414</subfield>
  </datafield>
  <datafield tag="035" ind1=" " ind2=" ">
    <subfield code="a">R008671715</subfield>
  </datafield>
  <datafield tag="039" ind1=" " ind2="9">
    <subfield code="a">201902151257</subfield>
    <subfield code="b">VLOAD</subfield>
    <subfield code="c">201711061146</subfield>
    <subfield code="d">0236</subfield>
    <subfield code="y">201706261021</subfield>
    <subfield code="z">0236</subfield>
  </datafield>
  <datafield tag="040" ind1=" " ind2=" ">
    <subfield code="a">LRU</subfield>
    <subfield code="b">eng</subfield>
    <subfield code="e">rda</subfield>
    <subfield code="d">OCLCO</subfield>
    <subfield code="d">OCLCF</subfield>
    <subfield code="d">PAU</subfield>
    <subfield code="d">B@L</subfield>
    <subfield code="d">GZD</subfield>
    <subfield code="d">GP5</subfield>
    <subfield code="d">RERO frbcuc</subfield>
  </datafield>
  <datafield tag="050" ind1=" " ind2="4">
    <subfield code="a">DS135.R9</subfield>
    <subfield code="b">W46 2017</subfield>
  </datafield>
  <datafield tag="072" ind1=" " ind2="7">
    <subfield code="a">s1ht</subfield>
    <subfield code="2">rero</subfield>
  </datafield>
  <datafield tag="100" ind1="1" ind2=" ">
    <subfield code="0">(RERO)A024778522</subfield>
    <subfield code="a">Wengeroff, Pauline</subfield>
    <subfield code="4">cre</subfield>
  </datafield>
  <datafield tag="245" ind1="1" ind2="0">
    <subfield code="6">880-01</subfield>
    <subfield code="a">Vospominanii︠a︡ babushki :</subfield>
    <subfield code="b">ocherki kulʹturnoĭ istorii evreev Rossii v XIX v. /</subfield>
    <subfield code="c">Polina Vengerova</subfield>
  </datafield>
  <datafield tag="264" ind1=" " ind2="1">
    <subfield code="6">880-02</subfield>
    <subfield code="a">Ierusalim :</subfield>
    <subfield code="b">Gesharim ;</subfield>
    <subfield code="a">Moskva :</subfield>
    <subfield code="b">Mosty Kulʹtury,</subfield>
    <subfield code="c">2017</subfield>
  </datafield>
  <datafield tag="264" ind1=" " ind2="4">
    <subfield code="c">©2017</subfield>
  </datafield>
  <datafield tag="300" ind1=" " ind2=" ">
    <subfield code="a">349 p. ;</subfield>
    <subfield code="c">22 cm</subfield>
  </datafield>
  <datafield tag="336" ind1=" " ind2=" ">
    <subfield code="b">txt</subfield>
    <subfield code="2">rdacontent</subfield>
  </datafield>
  <datafield tag="337" ind1=" " ind2=" ">
    <subfield code="b">n</subfield>
    <subfield code="2">rdamedia</subfield>
  </datafield>
  <datafield tag="338" ind1=" " ind2=" ">
    <subfield code="b">nc</subfield>
    <subfield code="2">rdacarrier</subfield>
  </datafield>
  <datafield tag="490" ind1="0" ind2=" ">
    <subfield code="6">880-03</subfield>
    <subfield code="a">Proshlyĭ vek. Vospominanii︠a︡</subfield>
  </datafield>
  <datafield tag="504" ind1=" " ind2=" ">
    <subfield code="a">Includes bibliographical references</subfield>
  </datafield>
  <datafield tag="600" ind1="1" ind2="0">
    <subfield code="a">Wengeroff, Pauline,</subfield>
    <subfield code="d">1833-1916</subfield>
  </datafield>
  <datafield tag="650" ind1=" " ind2="0">
    <subfield code="a">Jews</subfield>
    <subfield code="z">Belarus</subfield>
    <subfield code="z">Minsk</subfield>
    <subfield code="v">Biography</subfield>
  </datafield>
  <datafield tag="650" ind1=" " ind2="0">
    <subfield code="a">Jews</subfield>
    <subfield code="z">Belarus</subfield>
    <subfield code="z">Minsk</subfield>
    <subfield code="x">Social life and customs</subfield>
  </datafield>
  <datafield tag="650" ind1=" " ind2="0">
    <subfield code="a">Jews</subfield>
    <subfield code="z">Russia</subfield>
    <subfield code="x">History</subfield>
    <subfield code="y">19th century</subfield>
  </datafield>
  <datafield tag="880" ind1=" " ind2="1">
    <subfield code="6">264-02/(N</subfield>
    <subfield code="a">Иерусалим :</subfield>
    <subfield code="b">Гешарим ;</subfield>
    <subfield code="a">Москва :</subfield>
    <subfield code="b">Мосты Культуры,</subfield>
    <subfield code="c">2017</subfield>
  </datafield>
  <datafield tag="880" ind1="1" ind2=" ">
    <subfield code="6">490-03/(N</subfield>
    <subfield code="a">Прошлый век. Воспоминания</subfield>
  </datafield>
  <datafield tag="880" ind1="1" ind2="0">
    <subfield code="6">245-01/(N</subfield>
    <subfield code="a">Воспоминания бабушки :</subfield>
    <subfield code="b">очерки культурной истории евреев России в XIX в. /</subfield>
    <subfield code="c">Полина Венгерова</subfield>
  </datafield>
  <datafield tag="900" ind1=" " ind2="1">
    <subfield code="a">OCoLC</subfield>
    <subfield code="b">20170626</subfield>
    <subfield code="c">Droits réservés</subfield>
  </datafield>
  <datafield tag="901" ind1=" " ind2=" ">
    <subfield code="a">LAR SLS</subfield>
    <subfield code="b">2017/11</subfield>
    <subfield code="c">cdd900</subfield>
  </datafield>
  <datafield tag="919" ind1=" " ind2="7">
    <subfield code="a">1800-1899</subfield>
    <subfield code="2">fast</subfield>
  </datafield>
  <datafield tag="919" ind1=" " ind2="7">
    <subfield code="a">History</subfield>
    <subfield code="2">fast</subfield>
    <subfield code="0">(OCoLC)fst01411628</subfield>
  </datafield>
  <datafield tag="919" ind1=" " ind2="7">
    <subfield code="a">Jews</subfield>
    <subfield code="2">fast</subfield>
    <subfield code="0">(OCoLC)fst00983135</subfield>
  </datafield>
  <datafield tag="919" ind1=" " ind2="7">
    <subfield code="a">Russia</subfield>
    <subfield code="2">fast</subfield>
    <subfield code="0">(OCoLC)fst01207312</subfield>
  </datafield>
  <datafield tag="930" ind1=" " ind2=" ">
    <subfield code="a">(OCoLC) ocn979550373</subfield>
  </datafield>
  <datafield tag="956" ind1=" " ind2=" ">
    <subfield code="a">frbcuc</subfield>
  </datafield>
  <datafield tag="981" ind1=" " ind2=" ">
    <subfield code="2">SLS</subfield>
    <subfield code="a">RU-i</subfield>
  </datafield>
</record>