
<record>
  <leader>01657cam a22004572a 4500</leader>
  <controlfield tag="001">vtls008780060</controlfield>
  <controlfield tag="005">20190215170900.0</controlfield>
  <controlfield tag="008">180323s2017    cc ||| |  ||||00|  |chi d</controlfield>
  <datafield tag="020" ind1=" " ind2=" ">
    <subfield code="a">9787301287897</subfield>
  </datafield>
  <datafield tag="035" ind1=" " ind2=" ">
    <subfield code="a">R008780060</subfield>
  </datafield>
  <datafield tag="039" ind1=" " ind2="9">
    <subfield code="a">201902151709</subfield>
    <subfield code="b">VLOAD</subfield>
    <subfield code="c">201804301626</subfield>
    <subfield code="d">8705</subfield>
    <subfield code="y">201803231551</subfield>
    <subfield code="z">8702</subfield>
  </datafield>
  <datafield tag="040" ind1=" " ind2=" ">
    <subfield code="a">GXR</subfield>
    <subfield code="b">eng</subfield>
    <subfield code="e">rda</subfield>
    <subfield code="d">OCLCO</subfield>
    <subfield code="d">OCLCF</subfield>
    <subfield code="d">RERO ifisdc</subfield>
  </datafield>
  <datafield tag="050" ind1=" " ind2="4">
    <subfield code="a">KNQ3482</subfield>
    <subfield code="b">.Y82 2017</subfield>
  </datafield>
  <datafield tag="072" ind1=" " ind2="7">
    <subfield code="a">s1dr</subfield>
    <subfield code="2">rero</subfield>
  </datafield>
  <datafield tag="100" ind1="1" ind2=" ">
    <subfield code="0">(RERO)A000180000</subfield>
    <subfield code="6">880-01</subfield>
    <subfield code="a">Yu, Feng</subfield>
    <subfield code="4">cre</subfield>
  </datafield>
  <datafield tag="245" ind1="1" ind2="0">
    <subfield code="6">880-02</subfield>
    <subfield code="a">Zhongguo yu le fa = Entertainment law of China /</subfield>
    <subfield code="c">Yu Feng zhu</subfield>
  </datafield>
  <datafield tag="246" ind1="3" ind2=" ">
    <subfield code="a">Entertainment law of China</subfield>
  </datafield>
  <datafield tag="246" ind1="3" ind2=" ">
    <subfield code="a">Zhongguo yulefa</subfield>
  </datafield>
  <datafield tag="250" ind1=" " ind2=" ">
    <subfield code="a">First edition.</subfield>
  </datafield>
  <datafield tag="264" ind1=" " ind2="1">
    <subfield code="6">880-04</subfield>
    <subfield code="a">Beijing :</subfield>
    <subfield code="b">Beijing da xue chu ban she,</subfield>
    <subfield code="c">2017</subfield>
  </datafield>
  <datafield tag="300" ind1=" " ind2=" ">
    <subfield code="a">6, 4, 370 pages ;</subfield>
    <subfield code="c">23 cm</subfield>
  </datafield>
  <datafield tag="336" ind1=" " ind2=" ">
    <subfield code="b">txt</subfield>
    <subfield code="2">rdacontent</subfield>
  </datafield>
  <datafield tag="337" ind1=" " ind2=" ">
    <subfield code="b">n</subfield>
    <subfield code="2">rdamedia</subfield>
  </datafield>
  <datafield tag="338" ind1=" " ind2=" ">
    <subfield code="b">nc</subfield>
    <subfield code="2">rdacarrier</subfield>
  </datafield>
  <datafield tag="500" ind1=" " ind2=" ">
    <subfield code="a">Texte uniquement en chinois</subfield>
  </datafield>
  <datafield tag="650" ind1=" " ind2="0">
    <subfield code="a">Copyright</subfield>
    <subfield code="z">China</subfield>
  </datafield>
  <datafield tag="650" ind1=" " ind2="0">
    <subfield code="a">Mass media</subfield>
    <subfield code="x">Law and legislation</subfield>
    <subfield code="z">China</subfield>
  </datafield>
  <datafield tag="650" ind1=" " ind2="0">
    <subfield code="a">Performing arts</subfield>
    <subfield code="x">Law and legislation</subfield>
    <subfield code="z">China</subfield>
  </datafield>
  <datafield tag="880" ind1=" " ind2="1">
    <subfield code="6">264-04/$1</subfield>
    <subfield code="a">北京:</subfield>
    <subfield code="b">北京大学出版社,</subfield>
    <subfield code="c">2017</subfield>
  </datafield>
  <datafield tag="880" ind1="1" ind2=" ">
    <subfield code="6">100-01/$1</subfield>
    <subfield code="a">余锋</subfield>
  </datafield>
  <datafield tag="880" ind1="1" ind2="0">
    <subfield code="6">245-02/$1</subfield>
    <subfield code="a">中国娱乐法 /</subfield>
    <subfield code="c">余锋著</subfield>
  </datafield>
  <datafield tag="900" ind1=" " ind2="1">
    <subfield code="a">OCoLC</subfield>
    <subfield code="b">20180323</subfield>
    <subfield code="c">Droits réservés</subfield>
  </datafield>
  <datafield tag="903" ind1=" " ind2=" ">
    <subfield code="a">nwisdc</subfield>
    <subfield code="b">1803</subfield>
  </datafield>
  <datafield tag="919" ind1=" " ind2="7">
    <subfield code="a">China</subfield>
    <subfield code="2">fast</subfield>
    <subfield code="0">(OCoLC)fst01206073</subfield>
  </datafield>
  <datafield tag="919" ind1=" " ind2="7">
    <subfield code="a">Copyright</subfield>
    <subfield code="2">fast</subfield>
    <subfield code="0">(OCoLC)fst00878706</subfield>
  </datafield>
  <datafield tag="919" ind1=" " ind2="7">
    <subfield code="a">Mass media</subfield>
    <subfield code="x">Law and legislation</subfield>
    <subfield code="2">fast</subfield>
    <subfield code="0">(OCoLC)fst01011258</subfield>
  </datafield>
  <datafield tag="919" ind1=" " ind2="7">
    <subfield code="a">Performing arts</subfield>
    <subfield code="x">Law and legislation</subfield>
    <subfield code="2">fast</subfield>
    <subfield code="0">(OCoLC)fst01057907</subfield>
  </datafield>
  <datafield tag="930" ind1=" " ind2=" ">
    <subfield code="a">(OCoLC) on1019809927</subfield>
  </datafield>
  <datafield tag="953" ind1=" " ind2=" ">
    <subfield code="a">ifisdc</subfield>
  </datafield>
  <datafield tag="980" ind1=" " ind2=" ">
    <subfield code="2">dr-sys</subfield>
    <subfield code="a">CE/RPC 61.1 h</subfield>
  </datafield>
  <datafield tag="983" ind1=" " ind2=" ">
    <subfield code="2">isdc</subfield>
    <subfield code="a">CE/RPC 61.1 h YU 2017</subfield>
  </datafield>
</record>