
<record>
  <leader>01185nam a2200361 a 4500</leader>
  <controlfield tag="001">vtls001546324</controlfield>
  <controlfield tag="005">20190822095800.0</controlfield>
  <controlfield tag="008">930603s1993    fr |||||| ||||00|| |fre d</controlfield>
  <datafield tag="020" ind1=" " ind2=" ">
    <subfield code="a">9782715809994</subfield>
  </datafield>
  <datafield tag="035" ind1=" " ind2=" ">
    <subfield code="a">1691262</subfield>
  </datafield>
  <datafield tag="039" ind1=" " ind2="9">
    <subfield code="a">201908220958</subfield>
    <subfield code="b">AUTHORITY</subfield>
    <subfield code="c">201807261023</subfield>
    <subfield code="d">VLOAD</subfield>
    <subfield code="c">201705171305</subfield>
    <subfield code="d">VLOAD</subfield>
    <subfield code="c">201704012113</subfield>
    <subfield code="d">VLOAD</subfield>
    <subfield code="y">1999030101330000</subfield>
    <subfield code="z">load</subfield>
  </datafield>
  <datafield tag="040" ind1=" " ind2=" ">
    <subfield code="a">RERO neubfl</subfield>
  </datafield>
  <datafield tag="072" ind1=" " ind2="7">
    <subfield code="a">s1fr</subfield>
    <subfield code="2">rero</subfield>
  </datafield>
  <datafield tag="072" ind1=" " ind2="7">
    <subfield code="a">s2ba</subfield>
    <subfield code="2">rero</subfield>
  </datafield>
  <datafield tag="100" ind1="1" ind2=" ">
    <subfield code="0">(RERO)A000112091</subfield>
    <subfield code="a">Maupassant, Guy de,</subfield>
    <subfield code="d">1850-1893</subfield>
    <subfield code="4">cre</subfield>
  </datafield>
  <datafield tag="245" ind1="1" ind2="0">
    <subfield code="a">Au Salon :</subfield>
    <subfield code="b">chroniques sur la peinture /</subfield>
    <subfield code="c">Guy de Maupassant ; préf. et notes de Vladimir Biaggi</subfield>
  </datafield>
  <datafield tag="264" ind1=" " ind2="1">
    <subfield code="a">Paris :</subfield>
    <subfield code="b">Ed. Balland,</subfield>
    <subfield code="c">1993</subfield>
  </datafield>
  <datafield tag="300" ind1=" " ind2=" ">
    <subfield code="a">176 p. ;</subfield>
    <subfield code="c">20 cm</subfield>
  </datafield>
  <datafield tag="336" ind1=" " ind2=" ">
    <subfield code="b">txt</subfield>
    <subfield code="2">rdacontent</subfield>
  </datafield>
  <datafield tag="337" ind1=" " ind2=" ">
    <subfield code="b">n</subfield>
    <subfield code="2">rdamedia</subfield>
  </datafield>
  <datafield tag="338" ind1=" " ind2=" ">
    <subfield code="b">nc</subfield>
    <subfield code="2">rdacarrier</subfield>
  </datafield>
  <datafield tag="490" ind1="1" ind2=" ">
    <subfield code="a">Renaissances</subfield>
  </datafield>
  <datafield tag="700" ind1="1" ind2=" ">
    <subfield code="0">(RERO)A003003700</subfield>
    <subfield code="a">Biaggi, Vladimir</subfield>
  </datafield>
  <datafield tag="830" ind1=" " ind2="0">
    <subfield code="a">Renaissances</subfield>
  </datafield>
  <datafield tag="956" ind1=" " ind2=" ">
    <subfield code="a">frbcuc</subfield>
  </datafield>
  <datafield tag="957" ind1=" " ind2=" ">
    <subfield code="a">geulha gevbaa</subfield>
  </datafield>
  <datafield tag="962" ind1=" " ind2=" ">
    <subfield code="a">neubfl</subfield>
  </datafield>
  <datafield tag="982" ind1=" " ind2=" ">
    <subfield code="2">ge-baap</subfield>
    <subfield code="a">6 1881-1886</subfield>
  </datafield>
  <datafield tag="982" ind1=" " ind2=" ">
    <subfield code="2">ge-ulha</subfield>
    <subfield code="a">Ah 1 F MAUP au scs</subfield>
  </datafield>
  <datafield tag="984" ind1=" " ind2=" ">
    <subfield code="2">cdu-neubfl-fr</subfield>
    <subfield code="a">840&quot;18&quot;MAU3</subfield>
  </datafield>
  <datafield tag="992" ind1=" " ind2=" ">
    <subfield code="a">BFLA 68025</subfield>
    <subfield code="x">ge/ulha/a/93/334</subfield>
  </datafield>
  <datafield tag="992" ind1=" " ind2=" ">
    <subfield code="a">BAA AD 1789</subfield>
    <subfield code="x">ge/vbaa/a/93/364</subfield>
  </datafield>
  <datafield tag="994" ind1=" " ind2=" ">
    <subfield code="a">NELA 38909</subfield>
    <subfield code="x">ne/ubfl/a</subfield>
  </datafield>
</record>