
<record>
  <leader>01149nam a2200325 a 4500</leader>
  <controlfield tag="001">vtls002671122</controlfield>
  <controlfield tag="005">20180828111500.0</controlfield>
  <controlfield tag="008">000914s1998    fr ||| |  ||||00|  |fre d</controlfield>
  <datafield tag="020" ind1=" " ind2=" ">
    <subfield code="a">9782130487715</subfield>
  </datafield>
  <datafield tag="035" ind1=" " ind2=" ">
    <subfield code="a">R267112260</subfield>
  </datafield>
  <datafield tag="039" ind1=" " ind2=" ">
    <subfield code="b">3301</subfield>
    <subfield code="b">3306i</subfield>
  </datafield>
  <datafield tag="039" ind1=" " ind2="9">
    <subfield code="a">201808281115</subfield>
    <subfield code="b">VLOAD</subfield>
    <subfield code="c">201706111117</subfield>
    <subfield code="d">VLOAD</subfield>
    <subfield code="c">200812231137</subfield>
    <subfield code="d">VLOAD</subfield>
    <subfield code="c">200812230534</subfield>
    <subfield code="d">VLOAD</subfield>
    <subfield code="y">200009140308</subfield>
    <subfield code="z">VLOAD</subfield>
  </datafield>
  <datafield tag="040" ind1=" " ind2=" ">
    <subfield code="a">RERO nebpun</subfield>
  </datafield>
  <datafield tag="072" ind1=" " ind2="7">
    <subfield code="a">s1fr</subfield>
    <subfield code="2">rero</subfield>
  </datafield>
  <datafield tag="100" ind1="1" ind2=" ">
    <subfield code="0">(RERO)A003503484</subfield>
    <subfield code="a">Le Gall, Danielle</subfield>
    <subfield code="4">cre</subfield>
  </datafield>
  <datafield tag="245" ind1="1" ind2="1">
    <subfield code="a">&quot;Electre&quot; de Jean Giraudoux :</subfield>
    <subfield code="b">textes commentés /</subfield>
    <subfield code="c">par Danielle Le Gall</subfield>
  </datafield>
  <datafield tag="250" ind1=" " ind2=" ">
    <subfield code="a">[2e éd.]</subfield>
  </datafield>
  <datafield tag="264" ind1=" " ind2="1">
    <subfield code="a">Paris :</subfield>
    <subfield code="b">Presses universitaires de France,</subfield>
    <subfield code="c">1998</subfield>
  </datafield>
  <datafield tag="300" ind1=" " ind2=" ">
    <subfield code="a">IV, 114 p. ;</subfield>
    <subfield code="c">18 cm</subfield>
  </datafield>
  <datafield tag="336" ind1=" " ind2=" ">
    <subfield code="b">txt</subfield>
    <subfield code="2">rdacontent</subfield>
  </datafield>
  <datafield tag="337" ind1=" " ind2=" ">
    <subfield code="b">n</subfield>
    <subfield code="2">rdamedia</subfield>
  </datafield>
  <datafield tag="338" ind1=" " ind2=" ">
    <subfield code="b">nc</subfield>
    <subfield code="2">rdacarrier</subfield>
  </datafield>
  <datafield tag="490" ind1="1" ind2=" ">
    <subfield code="a">Major bac. Premières ES - L - S</subfield>
  </datafield>
  <datafield tag="600" ind1="1" ind2="7">
    <subfield code="0">(RERO)A010089275</subfield>
    <subfield code="a">Giraudoux, Jean.</subfield>
    <subfield code="t">&quot;Electre&quot;</subfield>
    <subfield code="2">rero</subfield>
  </datafield>
  <datafield tag="655" ind1=" " ind2="7">
    <subfield code="0">(RERO)A021098695</subfield>
    <subfield code="a">[Manuels d&apos;enseignement]</subfield>
    <subfield code="2">rero</subfield>
  </datafield>
  <datafield tag="830" ind1=" " ind2="0">
    <subfield code="a">Collection major bac</subfield>
  </datafield>
  <datafield tag="904" ind1=" " ind2=" ">
    <subfield code="a">bpunfar</subfield>
    <subfield code="b">2003</subfield>
    <subfield code="c">6</subfield>
  </datafield>
  <datafield tag="919" ind1=" " ind2=" ">
    <subfield code="9">600 17</subfield>
    <subfield code="a">Giraudoux, Jean.</subfield>
    <subfield code="t">&quot;Electre&quot;</subfield>
    <subfield code="v">[manuel]</subfield>
    <subfield code="2">chrero</subfield>
  </datafield>
  <datafield tag="962" ind1=" " ind2=" ">
    <subfield code="a">nebpun</subfield>
  </datafield>
  <datafield tag="994" ind1=" " ind2=" ">
    <subfield code="a">PT 893/20</subfield>
    <subfield code="x">ne/bpun/a/2000/968</subfield>
  </datafield>
</record>