
<record>
  <leader>01038naa a22002657a 4500</leader>
  <controlfield tag="001">vtls003481420</controlfield>
  <controlfield tag="005">20170518153600.0</controlfield>
  <controlfield tag="008">010511s2000    sz ||| |  ||||00|  |eng d</controlfield>
  <datafield tag="035" ind1=" " ind2=" ">
    <subfield code="a">R003481420</subfield>
  </datafield>
  <datafield tag="039" ind1=" " ind2="9">
    <subfield code="a">201705181536</subfield>
    <subfield code="b">VLOAD</subfield>
    <subfield code="c">201605141234</subfield>
    <subfield code="d">VLOAD</subfield>
    <subfield code="c">201210191844</subfield>
    <subfield code="d">VLOAD</subfield>
    <subfield code="c">201112200023</subfield>
    <subfield code="d">VLOAD</subfield>
    <subfield code="y">200506240054</subfield>
    <subfield code="z">VLOAD</subfield>
  </datafield>
  <datafield tag="040" ind1=" " ind2=" ">
    <subfield code="a">RERO gewcc-</subfield>
  </datafield>
  <datafield tag="072" ind1=" " ind2="7">
    <subfield code="a">s1th</subfield>
    <subfield code="2">rero</subfield>
  </datafield>
  <datafield tag="100" ind1="1" ind2=" ">
    <subfield code="0">(RERO)A011575301</subfield>
    <subfield code="a">Schneider, Fritz Christian</subfield>
    <subfield code="4">cre</subfield>
  </datafield>
  <datafield tag="245" ind1="1" ind2="0">
    <subfield code="a">Healing in the local church :</subfield>
    <subfield code="b">Oekolampad Basle, Switzerland /</subfield>
    <subfield code="c">Fritz Christian Schneider</subfield>
  </datafield>
  <datafield tag="264" ind1=" " ind2="1">
    <subfield code="c">2001</subfield>
  </datafield>
  <datafield tag="336" ind1=" " ind2=" ">
    <subfield code="b">txt</subfield>
    <subfield code="2">rdacontent</subfield>
  </datafield>
  <datafield tag="337" ind1=" " ind2=" ">
    <subfield code="b">n</subfield>
    <subfield code="2">rdamedia</subfield>
  </datafield>
  <datafield tag="338" ind1=" " ind2=" ">
    <subfield code="b">nc</subfield>
    <subfield code="2">rdacarrier</subfield>
  </datafield>
  <datafield tag="580" ind1=" " ind2=" ">
    <subfield code="a">In: International Review of Mission ; vol. 90, nos 356/357, January/April 2001, pp. 137-139</subfield>
  </datafield>
  <datafield tag="773" ind1="1" ind2=" ">
    <subfield code="t">International review of mission</subfield>
    <subfield code="g">vol. 90, nos 356/357, January/April 2001, pp. 137-139</subfield>
  </datafield>
  <datafield tag="957" ind1=" " ind2=" ">
    <subfield code="a">gewcc-</subfield>
  </datafield>
  <datafield tag="982" ind1=" " ind2=" ">
    <subfield code="2">wccsh</subfield>
    <subfield code="a">Switzerland</subfield>
    <subfield code="d">Christianity</subfield>
  </datafield>
  <datafield tag="982" ind1=" " ind2=" ">
    <subfield code="2">wccsh</subfield>
    <subfield code="a">Healing</subfield>
    <subfield code="d">Ecumenical theology</subfield>
  </datafield>
  <datafield tag="982" ind1=" " ind2=" ">
    <subfield code="2">wccsh</subfield>
    <subfield code="a">Health</subfield>
  </datafield>
  <datafield tag="982" ind1=" " ind2=" ">
    <subfield code="2">wccsh</subfield>
    <subfield code="a">Missions</subfield>
    <subfield code="d">Ecumenical theology</subfield>
  </datafield>
</record>