
<record>
  <leader>01773nam a22003492a 4500</leader>
  <controlfield tag="001">vtls006034125</controlfield>
  <controlfield tag="005">20180403165200.0</controlfield>
  <controlfield tag="008">110218s2001    fr ||| |  ||||00|  |fre d</controlfield>
  <datafield tag="019" ind1=" " ind2=" ">
    <subfield code="a">Notice créée dans le cadre de la migration de la BM Delémont</subfield>
    <subfield code="9">jubmda/06.2011</subfield>
  </datafield>
  <datafield tag="020" ind1=" " ind2=" ">
    <subfield code="a">9782081611962</subfield>
  </datafield>
  <datafield tag="035" ind1=" " ind2=" ">
    <subfield code="a">R006034125</subfield>
  </datafield>
  <datafield tag="039" ind1=" " ind2="9">
    <subfield code="a">201804031652</subfield>
    <subfield code="b">VLOAD</subfield>
    <subfield code="c">201705301336</subfield>
    <subfield code="d">VLOAD</subfield>
    <subfield code="c">201605151652</subfield>
    <subfield code="d">VLOAD</subfield>
    <subfield code="c">201603241126</subfield>
    <subfield code="d">8667</subfield>
    <subfield code="y">201106171555</subfield>
    <subfield code="z">VLOAD</subfield>
  </datafield>
  <datafield tag="040" ind1=" " ind2=" ">
    <subfield code="a">RERO jubmda</subfield>
  </datafield>
  <datafield tag="072" ind1=" " ind2="7">
    <subfield code="a">s1zz</subfield>
    <subfield code="2">rero</subfield>
  </datafield>
  <datafield tag="100" ind1="0" ind2=" ">
    <subfield code="0">(RERO)A003327521</subfield>
    <subfield code="a">Gudule</subfield>
    <subfield code="4">cre</subfield>
  </datafield>
  <datafield tag="245" ind1="1" ind2="0">
    <subfield code="a">Regardez-moi /</subfield>
    <subfield code="c">Gudule</subfield>
  </datafield>
  <datafield tag="264" ind1=" " ind2="1">
    <subfield code="a">Paris :</subfield>
    <subfield code="b">Flammarion,</subfield>
    <subfield code="c">2001</subfield>
  </datafield>
  <datafield tag="300" ind1=" " ind2=" ">
    <subfield code="a">175 p. ;</subfield>
    <subfield code="c">18 cm</subfield>
  </datafield>
  <datafield tag="336" ind1=" " ind2=" ">
    <subfield code="b">txt</subfield>
    <subfield code="2">rdacontent</subfield>
  </datafield>
  <datafield tag="337" ind1=" " ind2=" ">
    <subfield code="b">n</subfield>
    <subfield code="2">rdamedia</subfield>
  </datafield>
  <datafield tag="338" ind1=" " ind2=" ">
    <subfield code="b">nc</subfield>
    <subfield code="2">rdacarrier</subfield>
  </datafield>
  <datafield tag="490" ind1="0" ind2=" ">
    <subfield code="a">Tribal</subfield>
  </datafield>
  <datafield tag="520" ind1="8" ind2=" ">
    <subfield code="a">TELEVISION, émission</subfield>
    <subfield code="9">vdchsu/02.2013</subfield>
  </datafield>
  <datafield tag="520" ind1="8" ind2=" ">
    <subfield code="a">Gina a été choisie par la chaîne de télévision &quot;Socio-Life&quot;, pour être la vedette de l&apos;émission &quot;Regardez-moi&quot;. Elle va être filmée 24 heures sur 24 pendant 3 mois. Comme elle a envie de devenir actrice, c&apos;est la chance de sa vie! Mais ce n&apos;est pas si simple... car il faudra affronter les réactions des parents, des amis...</subfield>
    <subfield code="9">vdecub/06.2015</subfield>
  </datafield>
  <datafield tag="520" ind1="8" ind2=" ">
    <subfield code="a">Gina rêve d&apos;être actrice. Elle est donc folle de joie quand elle est retenue par la chaîne Socio-Life pour leur nouveau projet : filmer un jeune pendant 3 mois, 24 heures sur 24.  Pourtant elle se rend vite compte que c&apos;est bien plus       pénible que prévu...</subfield>
    <subfield code="9">vdpril/08.2015</subfield>
  </datafield>
  <datafield tag="521" ind1=" " ind2=" ">
    <subfield code="a">Adolescents (12-15 ans)</subfield>
    <subfield code="9">vdbuss/05.2013</subfield>
  </datafield>
  <datafield tag="521" ind1=" " ind2=" ">
    <subfield code="a">Adolescents (12-15 ans)</subfield>
    <subfield code="9">vdtour/04.2015</subfield>
  </datafield>
  <datafield tag="904" ind1=" " ind2=" ">
    <subfield code="a">jubmdare op130046</subfield>
  </datafield>
  <datafield tag="960" ind1=" " ind2=" ">
    <subfield code="a">jubmda</subfield>
  </datafield>
  <datafield tag="984" ind1=" " ind2=" ">
    <subfield code="2">jubmd</subfield>
    <subfield code="a">JOURNAL INTIME</subfield>
    <subfield code="e">[Fiction]</subfield>
  </datafield>
  <datafield tag="984" ind1=" " ind2=" ">
    <subfield code="2">jubmd</subfield>
    <subfield code="a">ROMAN POUR ADOLESCENT</subfield>
    <subfield code="e">[Fiction]</subfield>
  </datafield>
  <datafield tag="984" ind1=" " ind2=" ">
    <subfield code="2">jubmd</subfield>
    <subfield code="a">TELEVISION</subfield>
    <subfield code="e">[Fiction]</subfield>
  </datafield>
</record>