
<record>
  <leader>01514nam a2200385 a 4500</leader>
  <controlfield tag="001">vtls002706923</controlfield>
  <controlfield tag="005">20170611121800.0</controlfield>
  <controlfield tag="008">001116s1999    gw |||||| ||||00|  |ger d</controlfield>
  <datafield tag="020" ind1=" " ind2=" ">
    <subfield code="a">9783409115629</subfield>
  </datafield>
  <datafield tag="035" ind1=" " ind2=" ">
    <subfield code="a">R270692360</subfield>
  </datafield>
  <datafield tag="039" ind1=" " ind2=" ">
    <subfield code="b">0040</subfield>
    <subfield code="b">0106i</subfield>
  </datafield>
  <datafield tag="039" ind1=" " ind2="9">
    <subfield code="a">201706111218</subfield>
    <subfield code="b">VLOAD</subfield>
    <subfield code="c">200812210823</subfield>
    <subfield code="d">VLOAD</subfield>
    <subfield code="c">200406160814</subfield>
    <subfield code="d">VLOAD</subfield>
    <subfield code="c">200011160016</subfield>
    <subfield code="d">VLOAD0040</subfield>
    <subfield code="y">200009210229</subfield>
    <subfield code="z">VLOAD</subfield>
  </datafield>
  <datafield tag="040" ind1=" " ind2=" ">
    <subfield code="a">RERO frbcuc</subfield>
  </datafield>
  <datafield tag="072" ind1=" " ind2="7">
    <subfield code="a">s1se</subfield>
    <subfield code="2">rero</subfield>
  </datafield>
  <datafield tag="100" ind1="1" ind2=" ">
    <subfield code="0">(RERO)A006020855</subfield>
    <subfield code="a">Schwetje, Thomas</subfield>
    <subfield code="4">cre</subfield>
  </datafield>
  <datafield tag="245" ind1="1" ind2="0">
    <subfield code="a">Kundenzufriedenheit und Arbeitszufriedenheit bei Dienstleistungen :</subfield>
    <subfield code="b">Operationalisierung und Erklärung der Beziehungen am Beispiel des Handels /</subfield>
    <subfield code="c">Thomas Schwetje</subfield>
  </datafield>
  <datafield tag="264" ind1=" " ind2="1">
    <subfield code="a">Wiesbaden :</subfield>
    <subfield code="b">Gabler,</subfield>
    <subfield code="c">[1999]</subfield>
  </datafield>
  <datafield tag="264" ind1=" " ind2="4">
    <subfield code="c">© 1999</subfield>
  </datafield>
  <datafield tag="300" ind1=" " ind2=" ">
    <subfield code="a">XXII, 299 S. :</subfield>
    <subfield code="b">Abb. ;</subfield>
    <subfield code="c">24 cm</subfield>
  </datafield>
  <datafield tag="336" ind1=" " ind2=" ">
    <subfield code="b">txt</subfield>
    <subfield code="2">rdacontent</subfield>
  </datafield>
  <datafield tag="337" ind1=" " ind2=" ">
    <subfield code="b">n</subfield>
    <subfield code="2">rdamedia</subfield>
  </datafield>
  <datafield tag="338" ind1=" " ind2=" ">
    <subfield code="b">nc</subfield>
    <subfield code="2">rdacarrier</subfield>
  </datafield>
  <datafield tag="490" ind1="1" ind2=" ">
    <subfield code="a">Unternehmensführung und Marketing</subfield>
    <subfield code="v">Bd. 37</subfield>
  </datafield>
  <datafield tag="650" ind1=" " ind2="7">
    <subfield code="0">(RERO)A009976376</subfield>
    <subfield code="a">client</subfield>
    <subfield code="2">rerovoc</subfield>
  </datafield>
  <datafield tag="650" ind1=" " ind2="7">
    <subfield code="0">(RERO)A009998695</subfield>
    <subfield code="a">satisfaction</subfield>
    <subfield code="2">rerovoc</subfield>
  </datafield>
  <datafield tag="650" ind1=" " ind2="7">
    <subfield code="0">(RERO)A021008998</subfield>
    <subfield code="a">Services</subfield>
    <subfield code="2">rero</subfield>
  </datafield>
  <datafield tag="650" ind1=" " ind2="7">
    <subfield code="0">(RERO)A021008987</subfield>
    <subfield code="a">Satisfaction au travail</subfield>
    <subfield code="2">rero</subfield>
  </datafield>
  <datafield tag="650" ind1=" " ind2="7">
    <subfield code="0">(RERO)A021059745</subfield>
    <subfield code="a">Marketing relationnel</subfield>
    <subfield code="2">rero</subfield>
  </datafield>
  <datafield tag="830" ind1=" " ind2="0">
    <subfield code="a">Unternehmensführung und Marketing</subfield>
    <subfield code="v">37</subfield>
  </datafield>
  <datafield tag="901" ind1=" " ind2=" ">
    <subfield code="a">LAR BSES</subfield>
    <subfield code="b">2000/06</subfield>
    <subfield code="c">M</subfield>
  </datafield>
  <datafield tag="919" ind1=" " ind2=" ">
    <subfield code="9">650 _7</subfield>
    <subfield code="a">client</subfield>
    <subfield code="x">satisfaction</subfield>
    <subfield code="x">services</subfield>
    <subfield code="2">chrero</subfield>
  </datafield>
  <datafield tag="919" ind1=" " ind2=" ">
    <subfield code="9">650 _7</subfield>
    <subfield code="a">satisfaction au travail</subfield>
    <subfield code="x">services</subfield>
    <subfield code="2">chrero</subfield>
  </datafield>
  <datafield tag="919" ind1=" " ind2=" ">
    <subfield code="9">650 _7</subfield>
    <subfield code="a">marketing relationnel</subfield>
    <subfield code="x">services</subfield>
    <subfield code="2">chrero</subfield>
  </datafield>
  <datafield tag="956" ind1=" " ind2=" ">
    <subfield code="a">frbcuc</subfield>
  </datafield>
  <datafield tag="981" ind1=" " ind2=" ">
    <subfield code="2">FSES</subfield>
    <subfield code="a">M235</subfield>
  </datafield>
</record>