
<record>
  <leader>01337nam a2200313 a 4500</leader>
  <controlfield tag="001">vtls000375725</controlfield>
  <controlfield tag="005">20170516101200.0</controlfield>
  <controlfield tag="008">960525s1979    gw |||||| ||||00|| |ger d</controlfield>
  <datafield tag="020" ind1=" " ind2=" ">
    <subfield code="a">9783787304646</subfield>
  </datafield>
  <datafield tag="035" ind1=" " ind2=" ">
    <subfield code="a">0407583</subfield>
  </datafield>
  <datafield tag="039" ind1=" " ind2="9">
    <subfield code="a">201705161012</subfield>
    <subfield code="b">VLOAD</subfield>
    <subfield code="c">201703290921</subfield>
    <subfield code="d">VLOAD</subfield>
    <subfield code="c">200812230427</subfield>
    <subfield code="d">VLOAD</subfield>
    <subfield code="c">200812220744</subfield>
    <subfield code="d">VLOAD</subfield>
    <subfield code="y">1999022719400000</subfield>
    <subfield code="z">load</subfield>
  </datafield>
  <datafield tag="040" ind1=" " ind2=" ">
    <subfield code="a">RERO</subfield>
  </datafield>
  <datafield tag="072" ind1=" " ind2="7">
    <subfield code="a">s1ph</subfield>
    <subfield code="2">rero</subfield>
  </datafield>
  <datafield tag="100" ind1="1" ind2=" ">
    <subfield code="0">(RERO)A003241510</subfield>
    <subfield code="a">Fichte, Johann Gottlieb</subfield>
    <subfield code="4">cre</subfield>
  </datafield>
  <datafield tag="245" ind1="1" ind2="4">
    <subfield code="a">Der geschlossne Handelsstaat :</subfield>
    <subfield code="b">ein philosophischer Entwurf als Anhang zur Rechtslehre, und Probe einer künftig zu liefernden Politik /</subfield>
    <subfield code="c">Johann Gottlieb Fichte ; mit einem bisher unbekannten Manuskript Fichtes &quot;Ueber Staatswirthschaft&quot; auf Grundlage der Ausgabe von Fritz Medicus hrsg. und mit einer Einl. versehen von Hans Hirsch</subfield>
  </datafield>
  <datafield tag="250" ind1=" " ind2=" ">
    <subfield code="a">[3. durchges. Aufl. nach dem Erstdruck von 1800]</subfield>
  </datafield>
  <datafield tag="264" ind1=" " ind2="1">
    <subfield code="a">Hamburg :</subfield>
    <subfield code="b">F. Meiner,</subfield>
    <subfield code="c">1979</subfield>
  </datafield>
  <datafield tag="300" ind1=" " ind2=" ">
    <subfield code="a">76, 146 S. ;</subfield>
    <subfield code="c">19 cm</subfield>
  </datafield>
  <datafield tag="336" ind1=" " ind2=" ">
    <subfield code="b">txt</subfield>
    <subfield code="2">rdacontent</subfield>
  </datafield>
  <datafield tag="337" ind1=" " ind2=" ">
    <subfield code="b">n</subfield>
    <subfield code="2">rdamedia</subfield>
  </datafield>
  <datafield tag="338" ind1=" " ind2=" ">
    <subfield code="b">nc</subfield>
    <subfield code="2">rdacarrier</subfield>
  </datafield>
  <datafield tag="490" ind1="1" ind2=" ">
    <subfield code="a">Philosophische Bibliothek</subfield>
    <subfield code="v">Bd. 316</subfield>
  </datafield>
  <datafield tag="700" ind1="1" ind2=" ">
    <subfield code="0">(RERO)A003373879</subfield>
    <subfield code="a">Hirsch, Hans</subfield>
  </datafield>
  <datafield tag="700" ind1="1" ind2="2">
    <subfield code="a">Fichte, Johann Gottlieb. -</subfield>
    <subfield code="t">Ueber Staatswirthschaft</subfield>
  </datafield>
  <datafield tag="830" ind1=" " ind2="0">
    <subfield code="a">Philosophische Bibliothek</subfield>
    <subfield code="v">316</subfield>
  </datafield>
  <datafield tag="956" ind1=" " ind2=" ">
    <subfield code="a">frbcuc</subfield>
  </datafield>
  <datafield tag="957" ind1=" " ind2=" ">
    <subfield code="a">geudbu</subfield>
  </datafield>
  <datafield tag="981" ind1=" " ind2=" ">
    <subfield code="2">CDU</subfield>
    <subfield code="a">1&quot;1792&quot;Fic7Han</subfield>
  </datafield>
  <datafield tag="992" ind1=" " ind2=" ">
    <subfield code="a">DBUA 256</subfield>
    <subfield code="x">ge/udbu/d</subfield>
  </datafield>
</record>