
<record>
  <leader>00991ncm a2200301 a 4500</leader>
  <controlfield tag="001">vtls000640629</controlfield>
  <controlfield tag="005">20170516132500.0</controlfield>
  <controlfield tag="008">860502s1977    sz |||||| |||||||  |ger d</controlfield>
  <datafield tag="028" ind1="2" ind2="2">
    <subfield code="a">PE 976</subfield>
  </datafield>
  <datafield tag="035" ind1=" " ind2=" ">
    <subfield code="a">0707458</subfield>
  </datafield>
  <datafield tag="039" ind1=" " ind2="9">
    <subfield code="a">201705161325</subfield>
    <subfield code="b">VLOAD</subfield>
    <subfield code="c">200812210626</subfield>
    <subfield code="d">VLOAD</subfield>
    <subfield code="c">200605281737</subfield>
    <subfield code="d">VLOAD</subfield>
    <subfield code="y">1999022802290000</subfield>
    <subfield code="z">load</subfield>
  </datafield>
  <datafield tag="040" ind1=" " ind2=" ">
    <subfield code="a">RERO frbcuc</subfield>
  </datafield>
  <datafield tag="041" ind1="0" ind2=" ">
    <subfield code="a">ger</subfield>
    <subfield code="a">eng</subfield>
  </datafield>
  <datafield tag="072" ind1=" " ind2="7">
    <subfield code="a">s1mu</subfield>
    <subfield code="2">rero</subfield>
  </datafield>
  <datafield tag="100" ind1="1" ind2=" ">
    <subfield code="0">(RERO)A003050517</subfield>
    <subfield code="a">Brunelli, Antonio</subfield>
    <subfield code="4">cre</subfield>
  </datafield>
  <datafield tag="245" ind1="1" ind2="0">
    <subfield code="a">Varii esercitii :</subfield>
    <subfield code="b">1614 /</subfield>
    <subfield code="c">Antonio Brunelli ; hrsg. von by Richard Erig</subfield>
  </datafield>
  <datafield tag="264" ind1=" " ind2="1">
    <subfield code="a">Zürich :</subfield>
    <subfield code="b">Musikverl. zum Pelikan,</subfield>
    <subfield code="c">[1977]</subfield>
  </datafield>
  <datafield tag="264" ind1=" " ind2="4">
    <subfield code="c">© 1977</subfield>
  </datafield>
  <datafield tag="300" ind1=" " ind2=" ">
    <subfield code="a">1 PARTITION (19 S.) ;</subfield>
    <subfield code="c">31 cm</subfield>
  </datafield>
  <datafield tag="336" ind1=" " ind2=" ">
    <subfield code="b">ntm</subfield>
    <subfield code="2">rdacontent</subfield>
  </datafield>
  <datafield tag="337" ind1=" " ind2=" ">
    <subfield code="b">n</subfield>
    <subfield code="2">rdamedia</subfield>
  </datafield>
  <datafield tag="338" ind1=" " ind2=" ">
    <subfield code="b">nc</subfield>
    <subfield code="2">rdacarrier</subfield>
  </datafield>
  <datafield tag="490" ind1="1" ind2=" ">
    <subfield code="a">Italienische Diminutionslehren</subfield>
    <subfield code="v">2</subfield>
  </datafield>
  <datafield tag="490" ind1="0" ind2=" ">
    <subfield code="a">Edition Pelikan</subfield>
    <subfield code="v">976</subfield>
  </datafield>
  <datafield tag="700" ind1="1" ind2=" ">
    <subfield code="0">(RERO)A003220465</subfield>
    <subfield code="a">Erig, Richard</subfield>
  </datafield>
  <datafield tag="830" ind1=" " ind2="0">
    <subfield code="a">Italienische Diminutionslehren = Italian diminution tutors</subfield>
    <subfield code="v">2</subfield>
  </datafield>
  <datafield tag="956" ind1=" " ind2=" ">
    <subfield code="a">frbcuc</subfield>
  </datafield>
  <datafield tag="981" ind1=" " ind2=" ">
    <subfield code="2">SM</subfield>
    <subfield code="a">oa-68/2</subfield>
  </datafield>
</record>