
<record>
  <leader>00839naa a22002297a 4500</leader>
  <controlfield tag="001">vtls003434423</controlfield>
  <controlfield tag="005">20170518124400.0</controlfield>
  <controlfield tag="008">980412s1966    fr ||| |  ||||00|  0fre d</controlfield>
  <datafield tag="035" ind1=" " ind2=" ">
    <subfield code="a">R003434423</subfield>
  </datafield>
  <datafield tag="039" ind1=" " ind2="9">
    <subfield code="a">201705181244</subfield>
    <subfield code="b">VLOAD</subfield>
    <subfield code="c">201112192124</subfield>
    <subfield code="d">VLOAD</subfield>
    <subfield code="c">200812221429</subfield>
    <subfield code="d">VLOAD</subfield>
    <subfield code="y">200506232242</subfield>
    <subfield code="z">VLOAD</subfield>
  </datafield>
  <datafield tag="040" ind1=" " ind2=" ">
    <subfield code="a">RERO gewcc-</subfield>
  </datafield>
  <datafield tag="072" ind1=" " ind2="7">
    <subfield code="a">s1th</subfield>
    <subfield code="2">rero</subfield>
  </datafield>
  <datafield tag="245" ind1="0" ind2="0">
    <subfield code="a">Rencontre des trois monothéismes</subfield>
  </datafield>
  <datafield tag="264" ind1=" " ind2="1">
    <subfield code="a">Paris :</subfield>
    <subfield code="b">Cercle Saint Jean-Baptiste,</subfield>
    <subfield code="c">1966</subfield>
  </datafield>
  <datafield tag="300" ind1=" " ind2=" ">
    <subfield code="a">55 p. ;</subfield>
    <subfield code="c">21 cm</subfield>
  </datafield>
  <datafield tag="336" ind1=" " ind2=" ">
    <subfield code="b">txt</subfield>
    <subfield code="2">rdacontent</subfield>
  </datafield>
  <datafield tag="337" ind1=" " ind2=" ">
    <subfield code="b">n</subfield>
    <subfield code="2">rdamedia</subfield>
  </datafield>
  <datafield tag="338" ind1=" " ind2=" ">
    <subfield code="b">nc</subfield>
    <subfield code="2">rdacarrier</subfield>
  </datafield>
  <datafield tag="580" ind1=" " ind2=" ">
    <subfield code="a">In: Bulletin Saint Jean-Baptiste ; tome VI (juin-juill. 1966) no. 8, p. 349-444</subfield>
  </datafield>
  <datafield tag="773" ind1="1" ind2=" ">
    <subfield code="t">Bulletin Saint Jean-Baptiste</subfield>
    <subfield code="g">tome VI (juin-juill. 1966) no. 8, p. 349-444</subfield>
  </datafield>
  <datafield tag="957" ind1=" " ind2=" ">
    <subfield code="a">gewcc-</subfield>
  </datafield>
  <datafield tag="982" ind1=" " ind2=" ">
    <subfield code="0">(RERO)6A004389415</subfield>
    <subfield code="2">wccsh</subfield>
    <subfield code="a">Christianity and other religions</subfield>
    <subfield code="e">[LCSH]</subfield>
  </datafield>
</record>