
<record>
  <leader>00975nam a2200313 a 4500</leader>
  <controlfield tag="001">vtls006035427</controlfield>
  <controlfield tag="005">20180403170300.0</controlfield>
  <controlfield tag="008">110218s2001    fr ||| |  ||||00|  |fre d</controlfield>
  <datafield tag="020" ind1=" " ind2=" ">
    <subfield code="a">9782865865604</subfield>
  </datafield>
  <datafield tag="035" ind1=" " ind2=" ">
    <subfield code="a">R006035427</subfield>
  </datafield>
  <datafield tag="039" ind1=" " ind2="9">
    <subfield code="a">201804031703</subfield>
    <subfield code="b">VLOAD</subfield>
    <subfield code="c">201705301339</subfield>
    <subfield code="d">VLOAD</subfield>
    <subfield code="c">201111151946</subfield>
    <subfield code="d">4992</subfield>
    <subfield code="c">201106191842</subfield>
    <subfield code="d">VLOAD</subfield>
    <subfield code="y">201106171601</subfield>
    <subfield code="z">VLOAD</subfield>
  </datafield>
  <datafield tag="040" ind1=" " ind2=" ">
    <subfield code="a">RERO jubmda</subfield>
  </datafield>
  <datafield tag="072" ind1=" " ind2="7">
    <subfield code="a">s1ps</subfield>
    <subfield code="2">rero</subfield>
  </datafield>
  <datafield tag="100" ind1="1" ind2=" ">
    <subfield code="0">(RERO)A012323649</subfield>
    <subfield code="a">Cutsem, Chantal van</subfield>
    <subfield code="4">cre</subfield>
  </datafield>
  <datafield tag="245" ind1="1" ind2="3">
    <subfield code="a">La famille recomposée :</subfield>
    <subfield code="b">entre défi et incertitude /</subfield>
    <subfield code="c">Chantal Van Cutsem</subfield>
  </datafield>
  <datafield tag="264" ind1=" " ind2="1">
    <subfield code="a">Ramonville Saint-Agne :</subfield>
    <subfield code="b">Erès,</subfield>
    <subfield code="c">2001</subfield>
  </datafield>
  <datafield tag="300" ind1=" " ind2=" ">
    <subfield code="a">187 p. ;</subfield>
    <subfield code="c">24 cm</subfield>
  </datafield>
  <datafield tag="336" ind1=" " ind2=" ">
    <subfield code="b">txt</subfield>
    <subfield code="2">rdacontent</subfield>
  </datafield>
  <datafield tag="337" ind1=" " ind2=" ">
    <subfield code="b">n</subfield>
    <subfield code="2">rdamedia</subfield>
  </datafield>
  <datafield tag="338" ind1=" " ind2=" ">
    <subfield code="b">nc</subfield>
    <subfield code="2">rdacarrier</subfield>
  </datafield>
  <datafield tag="490" ind1="0" ind2=" ">
    <subfield code="a">Relations</subfield>
  </datafield>
  <datafield tag="504" ind1=" " ind2=" ">
    <subfield code="a">Bibliogr.: p. 185-187</subfield>
  </datafield>
  <datafield tag="904" ind1=" " ind2=" ">
    <subfield code="a">jubmdare op140924</subfield>
  </datafield>
  <datafield tag="960" ind1=" " ind2=" ">
    <subfield code="a">jubmda</subfield>
  </datafield>
  <datafield tag="984" ind1=" " ind2=" ">
    <subfield code="2">jubmd</subfield>
    <subfield code="a">300.22</subfield>
  </datafield>
  <datafield tag="984" ind1=" " ind2=" ">
    <subfield code="2">jubmd</subfield>
    <subfield code="a">DIVORCE</subfield>
  </datafield>
  <datafield tag="984" ind1=" " ind2=" ">
    <subfield code="2">jubmd</subfield>
    <subfield code="a">FAMILLE</subfield>
  </datafield>
  <datafield tag="984" ind1=" " ind2=" ">
    <subfield code="2">jubmd</subfield>
    <subfield code="a">FAMILLE RECOMPOSEE</subfield>
  </datafield>
  <datafield tag="984" ind1=" " ind2=" ">
    <subfield code="2">jubmd</subfield>
    <subfield code="a">SSRD</subfield>
  </datafield>
</record>