
<record>
  <leader>01203nam a2200373 a 4500</leader>
  <controlfield tag="001">vtls002658529</controlfield>
  <controlfield tag="005">20170518100500.0</controlfield>
  <controlfield tag="008">000911s2000    xxu||| |  ||||00|  |eng d</controlfield>
  <datafield tag="020" ind1=" " ind2=" ">
    <subfield code="a">9780821820209</subfield>
  </datafield>
  <datafield tag="035" ind1=" " ind2=" ">
    <subfield code="a">R265852960</subfield>
  </datafield>
  <datafield tag="039" ind1=" " ind2=" ">
    <subfield code="b">7110</subfield>
  </datafield>
  <datafield tag="039" ind1=" " ind2="9">
    <subfield code="a">201705181005</subfield>
    <subfield code="b">VLOAD</subfield>
    <subfield code="c">200812221311</subfield>
    <subfield code="d">VLOAD</subfield>
    <subfield code="c">200812212003</subfield>
    <subfield code="d">VLOAD</subfield>
    <subfield code="c">200409031043</subfield>
    <subfield code="d">4506</subfield>
    <subfield code="y">200009111800</subfield>
    <subfield code="z">VLOAD</subfield>
  </datafield>
  <datafield tag="040" ind1=" " ind2=" ">
    <subfield code="a">RERO geussm</subfield>
  </datafield>
  <datafield tag="072" ind1=" " ind2="7">
    <subfield code="a">s1ma</subfield>
    <subfield code="2">rero</subfield>
  </datafield>
  <datafield tag="100" ind1="1" ind2=" ">
    <subfield code="0">(RERO)A003870998</subfield>
    <subfield code="a">Stroock, Daniel W</subfield>
    <subfield code="4">cre</subfield>
  </datafield>
  <datafield tag="245" ind1="1" ind2="3">
    <subfield code="a">An introduction to the analysis of paths on a Riemannian manifold /</subfield>
    <subfield code="c">Daniel W. Stroock</subfield>
  </datafield>
  <datafield tag="264" ind1=" " ind2="1">
    <subfield code="a">Providence R.I. :</subfield>
    <subfield code="b">American Mathematical Society,</subfield>
    <subfield code="c">[2000]</subfield>
  </datafield>
  <datafield tag="264" ind1=" " ind2="4">
    <subfield code="c">© 2000</subfield>
  </datafield>
  <datafield tag="300" ind1=" " ind2=" ">
    <subfield code="a">XVII, 269 p. ;</subfield>
    <subfield code="c">26 cm</subfield>
  </datafield>
  <datafield tag="336" ind1=" " ind2=" ">
    <subfield code="b">txt</subfield>
    <subfield code="2">rdacontent</subfield>
  </datafield>
  <datafield tag="337" ind1=" " ind2=" ">
    <subfield code="b">n</subfield>
    <subfield code="2">rdamedia</subfield>
  </datafield>
  <datafield tag="338" ind1=" " ind2=" ">
    <subfield code="b">nc</subfield>
    <subfield code="2">rdacarrier</subfield>
  </datafield>
  <datafield tag="490" ind1="1" ind2=" ">
    <subfield code="a">Mathematical surveys and monographs</subfield>
    <subfield code="v">vol. 74</subfield>
  </datafield>
  <datafield tag="830" ind1=" " ind2="0">
    <subfield code="a">Mathematical surveys and monographs</subfield>
    <subfield code="v">74</subfield>
  </datafield>
  <datafield tag="902" ind1=" " ind2=" ">
    <subfield code="a">geussm</subfield>
    <subfield code="b">2000/02</subfield>
    <subfield code="c">60</subfield>
  </datafield>
  <datafield tag="904" ind1=" " ind2=" ">
    <subfield code="a">neubfsna</subfield>
    <subfield code="b">2004/09</subfield>
    <subfield code="c">05</subfield>
  </datafield>
  <datafield tag="957" ind1=" " ind2=" ">
    <subfield code="a">geussm</subfield>
  </datafield>
  <datafield tag="962" ind1=" " ind2=" ">
    <subfield code="a">neusma</subfield>
  </datafield>
  <datafield tag="980" ind1=" " ind2=" ">
    <subfield code="2">ams</subfield>
    <subfield code="a">60J</subfield>
  </datafield>
  <datafield tag="980" ind1=" " ind2=" ">
    <subfield code="2">ams</subfield>
    <subfield code="a">53</subfield>
  </datafield>
  <datafield tag="980" ind1=" " ind2=" ">
    <subfield code="2">ams</subfield>
    <subfield code="a">57</subfield>
  </datafield>
  <datafield tag="982" ind1=" " ind2=" ">
    <subfield code="2">ams-geussm</subfield>
    <subfield code="a">60J STR(i)</subfield>
  </datafield>
  <datafield tag="992" ind1=" " ind2=" ">
    <subfield code="a">BSMB 4045</subfield>
    <subfield code="x">ge/ussm/a/22610</subfield>
  </datafield>
  <datafield tag="994" ind1=" " ind2=" ">
    <subfield code="a">N 357</subfield>
    <subfield code="x">ne/usma/a/3135</subfield>
  </datafield>
</record>