
<record>
  <leader>00819nam a22002532a 4500</leader>
  <controlfield tag="001">vtls006027629</controlfield>
  <controlfield tag="005">20180403160300.0</controlfield>
  <controlfield tag="008">110218s1992    fr ||| |  ||||00|  |fre d</controlfield>
  <datafield tag="019" ind1=" " ind2=" ">
    <subfield code="a">Notice créée dans le cadre de la migration de la BM Delémont</subfield>
    <subfield code="9">jubmdj/04.2011</subfield>
  </datafield>
  <datafield tag="020" ind1=" " ind2=" ">
    <subfield code="a">9782230000319</subfield>
  </datafield>
  <datafield tag="035" ind1=" " ind2=" ">
    <subfield code="a">R006027629</subfield>
  </datafield>
  <datafield tag="039" ind1=" " ind2="9">
    <subfield code="a">201804031603</subfield>
    <subfield code="b">VLOAD</subfield>
    <subfield code="c">201705301323</subfield>
    <subfield code="d">VLOAD</subfield>
    <subfield code="c">201106192115</subfield>
    <subfield code="d">VLOAD</subfield>
    <subfield code="y">201106171520</subfield>
    <subfield code="z">VLOAD</subfield>
  </datafield>
  <datafield tag="040" ind1=" " ind2=" ">
    <subfield code="a">RERO jubmdj</subfield>
  </datafield>
  <datafield tag="072" ind1=" " ind2="7">
    <subfield code="a">s1zz</subfield>
    <subfield code="2">rero</subfield>
  </datafield>
  <datafield tag="100" ind1="1" ind2=" ">
    <subfield code="0">(RERO)A012267799</subfield>
    <subfield code="a">Disney, Walt,</subfield>
    <subfield code="d">1901-1966</subfield>
    <subfield code="4">cre</subfield>
  </datafield>
  <datafield tag="245" ind1="1" ind2="0">
    <subfield code="a">Pinocchio /</subfield>
    <subfield code="c">Walt Disney</subfield>
  </datafield>
  <datafield tag="264" ind1=" " ind2="1">
    <subfield code="a">Paris :</subfield>
    <subfield code="b">Hachette,</subfield>
    <subfield code="c">1992</subfield>
  </datafield>
  <datafield tag="300" ind1=" " ind2=" ">
    <subfield code="a">45 p. :</subfield>
    <subfield code="b">ill. ;</subfield>
    <subfield code="c">27 cm</subfield>
  </datafield>
  <datafield tag="336" ind1=" " ind2=" ">
    <subfield code="b">txt</subfield>
    <subfield code="2">rdacontent</subfield>
  </datafield>
  <datafield tag="337" ind1=" " ind2=" ">
    <subfield code="b">n</subfield>
    <subfield code="2">rdamedia</subfield>
  </datafield>
  <datafield tag="338" ind1=" " ind2=" ">
    <subfield code="b">nc</subfield>
    <subfield code="2">rdacarrier</subfield>
  </datafield>
  <datafield tag="904" ind1=" " ind2=" ">
    <subfield code="a">jubmdjre op20868</subfield>
  </datafield>
  <datafield tag="960" ind1=" " ind2=" ">
    <subfield code="a">jubmdj</subfield>
  </datafield>
  <datafield tag="984" ind1=" " ind2=" ">
    <subfield code="2">jubmd</subfield>
    <subfield code="a">MARIONNETTE</subfield>
    <subfield code="e">[Fiction]</subfield>
  </datafield>
</record>