
<record>
  <leader>00956nam a2200241 a 4500</leader>
  <controlfield tag="001">vtls000670428</controlfield>
  <controlfield tag="005">20170516081500.0</controlfield>
  <controlfield tag="008">860812s1984    au |||||| ||||00|| |ger d</controlfield>
  <datafield tag="020" ind1=" " ind2=" ">
    <subfield code="a">9783900525002</subfield>
  </datafield>
  <datafield tag="035" ind1=" " ind2=" ">
    <subfield code="a">0739984</subfield>
  </datafield>
  <datafield tag="039" ind1=" " ind2="9">
    <subfield code="a">201705160815</subfield>
    <subfield code="b">VLOAD</subfield>
    <subfield code="c">200812220829</subfield>
    <subfield code="d">VLOAD</subfield>
    <subfield code="y">1999022803150000</subfield>
    <subfield code="z">load</subfield>
  </datafield>
  <datafield tag="040" ind1=" " ind2=" ">
    <subfield code="a">RERO geudbu</subfield>
  </datafield>
  <datafield tag="072" ind1=" " ind2="7">
    <subfield code="a">s1in</subfield>
    <subfield code="2">rero</subfield>
  </datafield>
  <datafield tag="245" ind1="0" ind2="0">
    <subfield code="a">Schöne neue Welt der &apos;Informationsgesellschaft&apos; ? :</subfield>
    <subfield code="b">Beiträge zur Auseinandersetzung um neue Medien und Informationstechnologien in Österreich /</subfield>
    <subfield code="c">hrsg. von Hans Heinrich Fabris... [et al.] ; mit Beitr. von H. Bachinger... [et al.]</subfield>
  </datafield>
  <datafield tag="264" ind1=" " ind2="1">
    <subfield code="a">Wien :</subfield>
    <subfield code="b">Österreichische Gesellschaft für Kommunikationsfragen,</subfield>
    <subfield code="c">1984</subfield>
  </datafield>
  <datafield tag="300" ind1=" " ind2=" ">
    <subfield code="a">208 p. :</subfield>
    <subfield code="b">ill. ;</subfield>
    <subfield code="c">21 cm</subfield>
  </datafield>
  <datafield tag="336" ind1=" " ind2=" ">
    <subfield code="b">txt</subfield>
    <subfield code="2">rdacontent</subfield>
  </datafield>
  <datafield tag="337" ind1=" " ind2=" ">
    <subfield code="b">n</subfield>
    <subfield code="2">rdamedia</subfield>
  </datafield>
  <datafield tag="338" ind1=" " ind2=" ">
    <subfield code="b">nc</subfield>
    <subfield code="2">rdacarrier</subfield>
  </datafield>
  <datafield tag="700" ind1="1" ind2=" ">
    <subfield code="0">(RERO)A003228361</subfield>
    <subfield code="a">Fabris, Hans Heinz</subfield>
  </datafield>
  <datafield tag="700" ind1="1" ind2=" ">
    <subfield code="0">(RERO)A002957891</subfield>
    <subfield code="a">Bachinger, Johann</subfield>
  </datafield>
  <datafield tag="957" ind1=" " ind2=" ">
    <subfield code="a">geudbu</subfield>
  </datafield>
  <datafield tag="992" ind1=" " ind2=" ">
    <subfield code="a">DBUA 144</subfield>
    <subfield code="x">ge/udbu/d</subfield>
  </datafield>
</record>