
<record>
  <leader>00934naa a22002417a 4500</leader>
  <controlfield tag="001">vtls003443429</controlfield>
  <controlfield tag="005">20170518131500.0</controlfield>
  <controlfield tag="008">980412s1975    xx ||| |  ||||00|  0ger d</controlfield>
  <datafield tag="035" ind1=" " ind2=" ">
    <subfield code="a">R003443429</subfield>
  </datafield>
  <datafield tag="039" ind1=" " ind2="9">
    <subfield code="a">201705181315</subfield>
    <subfield code="b">VLOAD</subfield>
    <subfield code="c">201605141122</subfield>
    <subfield code="d">VLOAD</subfield>
    <subfield code="c">201210191804</subfield>
    <subfield code="d">VLOAD</subfield>
    <subfield code="c">201112192158</subfield>
    <subfield code="d">VLOAD</subfield>
    <subfield code="y">200506232310</subfield>
    <subfield code="z">VLOAD</subfield>
  </datafield>
  <datafield tag="040" ind1=" " ind2=" ">
    <subfield code="a">RERO gewcc-</subfield>
  </datafield>
  <datafield tag="072" ind1=" " ind2="7">
    <subfield code="a">s1th</subfield>
    <subfield code="2">rero</subfield>
  </datafield>
  <datafield tag="100" ind1="1" ind2=" ">
    <subfield code="0">(RERO)A011530636</subfield>
    <subfield code="a">Anson, Gunars</subfield>
    <subfield code="4">cre</subfield>
  </datafield>
  <datafield tag="245" ind1="1" ind2="0">
    <subfield code="a">Spannung in der Ökumene /</subfield>
    <subfield code="c">Gunars Anson</subfield>
  </datafield>
  <datafield tag="264" ind1=" " ind2="1">
    <subfield code="c">1975</subfield>
  </datafield>
  <datafield tag="336" ind1=" " ind2=" ">
    <subfield code="b">txt</subfield>
    <subfield code="2">rdacontent</subfield>
  </datafield>
  <datafield tag="337" ind1=" " ind2=" ">
    <subfield code="b">n</subfield>
    <subfield code="2">rdamedia</subfield>
  </datafield>
  <datafield tag="338" ind1=" " ind2=" ">
    <subfield code="b">nc</subfield>
    <subfield code="2">rdacarrier</subfield>
  </datafield>
  <datafield tag="580" ind1=" " ind2=" ">
    <subfield code="a">In: Lutherische Rundschau : Zeitschrift des Lutherischen Weltbundes ; v. 25 (1975) no. 3, p. 195-221</subfield>
  </datafield>
  <datafield tag="773" ind1="1" ind2=" ">
    <subfield code="t">Lutherische Rundschau : Zeitschrift des Lutherischen Weltbundes</subfield>
    <subfield code="g">v. 25 (1975) no. 3, p. 195-221</subfield>
  </datafield>
  <datafield tag="957" ind1=" " ind2=" ">
    <subfield code="a">gewcc-</subfield>
  </datafield>
  <datafield tag="982" ind1=" " ind2=" ">
    <subfield code="0">(RERO)6A004390335</subfield>
    <subfield code="2">wccsh</subfield>
    <subfield code="a">Ecumenical movement</subfield>
    <subfield code="e">[LCSH]</subfield>
  </datafield>
  <datafield tag="982" ind1=" " ind2=" ">
    <subfield code="2">wccsh</subfield>
    <subfield code="a">Ecumenical movement</subfield>
    <subfield code="d">1968-1983</subfield>
  </datafield>
</record>