
<record>
  <leader>01145naa a2200253 a 4500</leader>
  <controlfield tag="001">vtls005939923</controlfield>
  <controlfield tag="005">20170530144700.0</controlfield>
  <controlfield tag="006">m    |</controlfield>
  <controlfield tag="007">c|</controlfield>
  <controlfield tag="008">110224s2009    xxk||| |  ||||00|  |eng d</controlfield>
  <datafield tag="035" ind1=" " ind2=" ">
    <subfield code="a">R005939923</subfield>
  </datafield>
  <datafield tag="039" ind1=" " ind2="9">
    <subfield code="a">201705301447</subfield>
    <subfield code="b">VLOAD</subfield>
    <subfield code="c">201610071444</subfield>
    <subfield code="d">7870</subfield>
    <subfield code="c">201308261655</subfield>
    <subfield code="d">VLOAD</subfield>
    <subfield code="c">201301310844</subfield>
    <subfield code="d">7870</subfield>
    <subfield code="y">201102241600</subfield>
    <subfield code="z">7869</subfield>
  </datafield>
  <datafield tag="040" ind1=" " ind2=" ">
    <subfield code="a">RERO geheid</subfield>
  </datafield>
  <datafield tag="072" ind1=" " ind2="7">
    <subfield code="a">s1se</subfield>
    <subfield code="2">rero</subfield>
  </datafield>
  <datafield tag="100" ind1="1" ind2=" ">
    <subfield code="0">(RERO)A002963274</subfield>
    <subfield code="a">Baldwin, Richard E</subfield>
    <subfield code="4">cre</subfield>
  </datafield>
  <datafield tag="245" ind1="1" ind2="4">
    <subfield code="a">The great trade collapse</subfield>
    <subfield code="h">[Ressource électronique] :</subfield>
    <subfield code="b">what caused it and what does it mean? /</subfield>
    <subfield code="c">Richard Baldwin</subfield>
  </datafield>
  <datafield tag="500" ind1=" " ind2=" ">
    <subfield code="a">Ressource en ligne consultée le 28.02.2011</subfield>
  </datafield>
  <datafield tag="580" ind1=" " ind2=" ">
    <subfield code="a">In : The great trade collapse [Ressource électronique] : causes, consequences and prospects / edited by Richard Baldwin. - London : CEPR, 2009. - P. 1-14</subfield>
  </datafield>
  <datafield tag="773" ind1="1" ind2=" ">
    <subfield code="t">Great trade collapse : causes, consequences and prospects</subfield>
    <subfield code="h">[Ressource électronique]</subfield>
    <subfield code="g">1</subfield>
  </datafield>
  <datafield tag="856" ind1="4" ind2="0">
    <subfield code="3">Texte intégral</subfield>
    <subfield code="u">http://www.voxeu.org/article/great-trade-collapse-what-caused-it-and-what-does-it-mean</subfield>
    <subfield code="z">Accès libre</subfield>
  </datafield>
  <datafield tag="902" ind1=" " ind2=" ">
    <subfield code="a">geheid</subfield>
    <subfield code="b">2011/02</subfield>
    <subfield code="c">330</subfield>
  </datafield>
  <datafield tag="902" ind1=" " ind2=" ">
    <subfield code="a">pubheid</subfield>
  </datafield>
  <datafield tag="957" ind1=" " ind2=" ">
    <subfield code="a">geheid</subfield>
  </datafield>
  <datafield tag="982" ind1=" " ind2=" ">
    <subfield code="2">ge-heid-nc</subfield>
    <subfield code="a">HEIBR 9897</subfield>
  </datafield>
</record>