
<record>
  <leader>00794naa a22002297a 4500</leader>
  <controlfield tag="001">vtls003448321</controlfield>
  <controlfield tag="005">20170518133300.0</controlfield>
  <controlfield tag="008">980412s1984    xx ||| |  ||||00|  0spa d</controlfield>
  <datafield tag="035" ind1=" " ind2=" ">
    <subfield code="a">R003448321</subfield>
  </datafield>
  <datafield tag="039" ind1=" " ind2="9">
    <subfield code="a">201705181333</subfield>
    <subfield code="b">VLOAD</subfield>
    <subfield code="c">201605141133</subfield>
    <subfield code="d">VLOAD</subfield>
    <subfield code="c">201210191812</subfield>
    <subfield code="d">VLOAD</subfield>
    <subfield code="c">201112192219</subfield>
    <subfield code="d">VLOAD</subfield>
    <subfield code="y">200506232325</subfield>
    <subfield code="z">VLOAD</subfield>
  </datafield>
  <datafield tag="040" ind1=" " ind2=" ">
    <subfield code="a">RERO gewcc-</subfield>
  </datafield>
  <datafield tag="072" ind1=" " ind2="7">
    <subfield code="a">s1th</subfield>
    <subfield code="2">rero</subfield>
  </datafield>
  <datafield tag="100" ind1="1" ind2=" ">
    <subfield code="0">(RERO)A011517473</subfield>
    <subfield code="a">Lyons, Cathie</subfield>
    <subfield code="4">cre</subfield>
  </datafield>
  <datafield tag="245" ind1="1" ind2="3">
    <subfield code="a">La salud de la mujer es algo mas que una cuestion medica /</subfield>
    <subfield code="c">Cathie Lyons</subfield>
  </datafield>
  <datafield tag="264" ind1=" " ind2="1">
    <subfield code="c">1984</subfield>
  </datafield>
  <datafield tag="336" ind1=" " ind2=" ">
    <subfield code="b">txt</subfield>
    <subfield code="2">rdacontent</subfield>
  </datafield>
  <datafield tag="337" ind1=" " ind2=" ">
    <subfield code="b">n</subfield>
    <subfield code="2">rdamedia</subfield>
  </datafield>
  <datafield tag="338" ind1=" " ind2=" ">
    <subfield code="b">nc</subfield>
    <subfield code="2">rdacarrier</subfield>
  </datafield>
  <datafield tag="580" ind1=" " ind2=" ">
    <subfield code="a">In: Contact ; no. 65, 1984, p. 6-15</subfield>
  </datafield>
  <datafield tag="773" ind1="1" ind2=" ">
    <subfield code="t">Contact</subfield>
    <subfield code="g">no. 65, 1984, p. 6-15</subfield>
  </datafield>
  <datafield tag="957" ind1=" " ind2=" ">
    <subfield code="a">gewcc-</subfield>
  </datafield>
  <datafield tag="982" ind1=" " ind2=" ">
    <subfield code="0">(RERO)6A004396283</subfield>
    <subfield code="2">wccsh</subfield>
    <subfield code="a">Wcc</subfield>
    <subfield code="d">Christian Medical Commission (CMC)</subfield>
  </datafield>
</record>