
<record>
  <leader>01819naa a22003852a 4500</leader>
  <controlfield tag="001">vtls005239320</controlfield>
  <controlfield tag="005">20181220153300.0</controlfield>
  <controlfield tag="008">970729s1964    sz ||| |  ||||00|  |ger d</controlfield>
  <datafield tag="019" ind1=" " ind2=" ">
    <subfield code="a">Attention champ 933 issu de la migration d&apos;Alexandria à conserver temporairement</subfield>
    <subfield code="9">iftfla/12.2009</subfield>
    <subfield code="5">alexrero</subfield>
  </datafield>
  <datafield tag="019" ind1=" " ind2=" ">
    <subfield code="a">Notice issue de la migration Alexandria</subfield>
    <subfield code="9">iftfla/12.2009</subfield>
  </datafield>
  <datafield tag="019" ind1=" " ind2=" ">
    <subfield code="a">Attention : indexation ajuri convertie en jurivoc</subfield>
    <subfield code="9">iftfla/08.2014</subfield>
  </datafield>
  <datafield tag="019" ind1=" " ind2=" ">
    <subfield code="a">!!! ATTENTION, notice à détruire, double de R004258118</subfield>
    <subfield code="9">geubib/12.2018</subfield>
  </datafield>
  <datafield tag="035" ind1=" " ind2=" ">
    <subfield code="a">bv01072813</subfield>
  </datafield>
  <datafield tag="039" ind1=" " ind2="9">
    <subfield code="a">201812201533</subfield>
    <subfield code="b">7951</subfield>
    <subfield code="c">201812201531</subfield>
    <subfield code="d">AUTHORITY</subfield>
    <subfield code="c">201705221041</subfield>
    <subfield code="d">VLOAD</subfield>
    <subfield code="c">201503151040</subfield>
    <subfield code="d">VLOAD</subfield>
    <subfield code="y">200912102024</subfield>
    <subfield code="z">VLOAD</subfield>
  </datafield>
  <datafield tag="040" ind1=" " ind2=" ">
    <subfield code="a">RERO iftfla</subfield>
  </datafield>
  <datafield tag="072" ind1=" " ind2="7">
    <subfield code="a">s1dr</subfield>
    <subfield code="2">rero</subfield>
  </datafield>
  <datafield tag="100" ind1="1" ind2=" ">
    <subfield code="0">(RERO)A000056443</subfield>
    <subfield code="a">Egger, Eugen,</subfield>
    <subfield code="d">1920-2011</subfield>
    <subfield code="4">cre</subfield>
  </datafield>
  <datafield tag="245" ind1="1" ind2="4">
    <subfield code="a">Die Organisation des Schulwesens in der Schweiz. Statistik über das Schulwesen /</subfield>
    <subfield code="c">Eugen Egger</subfield>
  </datafield>
  <datafield tag="264" ind1=" " ind2="1">
    <subfield code="a">Frauenfeld,</subfield>
    <subfield code="c">1964</subfield>
  </datafield>
  <datafield tag="300" ind1=" " ind2=" ">
    <subfield code="a">S. 29-129</subfield>
  </datafield>
  <datafield tag="336" ind1=" " ind2=" ">
    <subfield code="b">txt</subfield>
    <subfield code="2">rdacontent</subfield>
  </datafield>
  <datafield tag="337" ind1=" " ind2=" ">
    <subfield code="b">n</subfield>
    <subfield code="2">rdamedia</subfield>
  </datafield>
  <datafield tag="338" ind1=" " ind2=" ">
    <subfield code="b">nc</subfield>
    <subfield code="2">rdacarrier</subfield>
  </datafield>
  <datafield tag="580" ind1=" " ind2=" ">
    <subfield code="a">(S.A. aus dem &quot;Archiv für das schweizerische Unterrichtswesen&quot;, 50. Jahrg., 1964)</subfield>
  </datafield>
  <datafield tag="580" ind1=" " ind2=" ">
    <subfield code="a">In: Archiv für das schweizerische Unterrichtswesen. - 50. Jahrg., 1964</subfield>
  </datafield>
  <datafield tag="650" ind1=" " ind2="7">
    <subfield code="0">jurivoc000024431ger</subfield>
    <subfield code="a">Verfassungsrecht</subfield>
    <subfield code="2">jurivoc</subfield>
    <subfield code="9">ger</subfield>
  </datafield>
  <datafield tag="650" ind1=" " ind2="7">
    <subfield code="0">jurivoc000021182ger</subfield>
    <subfield code="a">Staatsorganisation und Verwaltung</subfield>
    <subfield code="2">jurivoc</subfield>
    <subfield code="9">ger</subfield>
  </datafield>
  <datafield tag="650" ind1=" " ind2="7">
    <subfield code="0">jurivoc000023899ger</subfield>
    <subfield code="a">Unterrichtswesen</subfield>
    <subfield code="2">jurivoc</subfield>
    <subfield code="9">ger</subfield>
  </datafield>
  <datafield tag="650" ind1=" " ind2="7">
    <subfield code="0">jurivoc000004898ger</subfield>
    <subfield code="a">Bundesrecht</subfield>
    <subfield code="2">jurivoc</subfield>
    <subfield code="9">ger</subfield>
  </datafield>
  <datafield tag="651" ind1=" " ind2="7">
    <subfield code="0">jurivoc000019912ger</subfield>
    <subfield code="a">Schweiz</subfield>
    <subfield code="2">jurivoc</subfield>
    <subfield code="9">ger</subfield>
  </datafield>
  <datafield tag="773" ind1="1" ind2=" ">
    <subfield code="t">Archiv für das schweizerische Unterrichtswesen</subfield>
    <subfield code="g">50. Jahrg., 1964</subfield>
  </datafield>
  <datafield tag="900" ind1=" " ind2=" ">
    <subfield code="a">ddddif</subfield>
  </datafield>
  <datafield tag="933" ind1=" " ind2=" ">
    <subfield code="s">Archiv für das schweizerische Unterrichtswesen</subfield>
    <subfield code="g">50. Jahrg., 1964</subfield>
    <subfield code="5">alexrero</subfield>
  </datafield>
  <datafield tag="953" ind1=" " ind2=" ">
    <subfield code="a">iftfla</subfield>
  </datafield>
  <datafield tag="983" ind1=" " ind2=" ">
    <subfield code="2">iftfla</subfield>
    <subfield code="a">TFLa J 34/49</subfield>
  </datafield>
</record>