
<record>
  <leader>01311nam a2200313 a 4500</leader>
  <controlfield tag="001">vtls002694121</controlfield>
  <controlfield tag="005">20190122145500.0</controlfield>
  <controlfield tag="008">000917s2000    gw |||||| ||||00|  |ger d</controlfield>
  <datafield tag="020" ind1=" " ind2=" ">
    <subfield code="a">9783795210045</subfield>
  </datafield>
  <datafield tag="035" ind1=" " ind2=" ">
    <subfield code="a">R269412160</subfield>
  </datafield>
  <datafield tag="039" ind1=" " ind2=" ">
    <subfield code="b">0011</subfield>
    <subfield code="b">0011i</subfield>
  </datafield>
  <datafield tag="039" ind1=" " ind2="9">
    <subfield code="a">201901221455</subfield>
    <subfield code="b">0011</subfield>
    <subfield code="c">201901221455</subfield>
    <subfield code="d">0011</subfield>
    <subfield code="c">201901101211</subfield>
    <subfield code="d">VLOAD</subfield>
    <subfield code="c">201808281218</subfield>
    <subfield code="d">VLOAD</subfield>
    <subfield code="y">200009171238</subfield>
    <subfield code="z">VLOAD</subfield>
  </datafield>
  <datafield tag="040" ind1=" " ind2=" ">
    <subfield code="a">RERO frbcuc</subfield>
  </datafield>
  <datafield tag="072" ind1=" " ind2="7">
    <subfield code="a">s1mu</subfield>
    <subfield code="2">rero</subfield>
  </datafield>
  <datafield tag="100" ind1="1" ind2=" ">
    <subfield code="0">(RERO)A003425954</subfield>
    <subfield code="a">Jira, Martin</subfield>
    <subfield code="4">cre</subfield>
  </datafield>
  <datafield tag="245" ind1="1" ind2="0">
    <subfield code="a">Musikalische Temperaturen und musikalischer Satz in der Klaviermusik von J.S. Bach /</subfield>
    <subfield code="c">Martin Jira</subfield>
  </datafield>
  <datafield tag="264" ind1=" " ind2="1">
    <subfield code="a">Tutzing :</subfield>
    <subfield code="b">H. Schneider,</subfield>
    <subfield code="c">2000</subfield>
  </datafield>
  <datafield tag="300" ind1=" " ind2=" ">
    <subfield code="a">319 S. :</subfield>
    <subfield code="b">Tab. ;</subfield>
    <subfield code="c">24 cm +</subfield>
    <subfield code="e">1 Compact Disc</subfield>
  </datafield>
  <datafield tag="336" ind1=" " ind2=" ">
    <subfield code="b">txt</subfield>
    <subfield code="2">rdacontent</subfield>
  </datafield>
  <datafield tag="337" ind1=" " ind2=" ">
    <subfield code="b">n</subfield>
    <subfield code="2">rdamedia</subfield>
  </datafield>
  <datafield tag="338" ind1=" " ind2=" ">
    <subfield code="b">nc</subfield>
    <subfield code="2">rdacarrier</subfield>
  </datafield>
  <datafield tag="490" ind1="1" ind2=" ">
    <subfield code="a">Würzburger musikhistorische Beiträge</subfield>
    <subfield code="v">Bd. 20</subfield>
  </datafield>
  <datafield tag="600" ind1="1" ind2="7">
    <subfield code="0">(RERO)A010186819</subfield>
    <subfield code="a">Bach, Johann Sebastian - musique pour instrument à clavier</subfield>
    <subfield code="2">rero</subfield>
  </datafield>
  <datafield tag="650" ind1=" " ind2="7">
    <subfield code="0">(RERO)A021062925</subfield>
    <subfield code="a">Composition (musique)</subfield>
    <subfield code="2">rero</subfield>
  </datafield>
  <datafield tag="650" ind1=" " ind2="7">
    <subfield code="0">(RERO)A021009727</subfield>
    <subfield code="a">Tempérament (musique)</subfield>
    <subfield code="2">rero</subfield>
  </datafield>
  <datafield tag="650" ind1=" " ind2="7">
    <subfield code="0">(RERO)A021103163</subfield>
    <subfield code="a">Musique</subfield>
    <subfield code="2">rero</subfield>
  </datafield>
  <datafield tag="830" ind1=" " ind2="0">
    <subfield code="a">Würzburger musikhistorische Beiträge</subfield>
    <subfield code="v">20</subfield>
  </datafield>
  <datafield tag="919" ind1=" " ind2=" ">
    <subfield code="9">650 _7</subfield>
    <subfield code="a">composition (musique)</subfield>
    <subfield code="x">tempérament (musique)</subfield>
    <subfield code="x">Bach, Johann Sebastian - musique pour instrument à clavier</subfield>
    <subfield code="2">chrero</subfield>
  </datafield>
  <datafield tag="956" ind1=" " ind2=" ">
    <subfield code="a">frbcuc</subfield>
  </datafield>
</record>