
<record>
  <leader>00908nam a2200289 a 4500</leader>
  <controlfield tag="001">vtls002707720</controlfield>
  <controlfield tag="005">20170518122200.0</controlfield>
  <controlfield tag="008">000921s1998    fr |||||| ||||00|  |fre d</controlfield>
  <datafield tag="020" ind1=" " ind2=" ">
    <subfield code="a">9782010177668</subfield>
  </datafield>
  <datafield tag="035" ind1=" " ind2=" ">
    <subfield code="a">R270772060</subfield>
  </datafield>
  <datafield tag="039" ind1=" " ind2=" ">
    <subfield code="b">0011</subfield>
  </datafield>
  <datafield tag="039" ind1=" " ind2="9">
    <subfield code="a">201705181222</subfield>
    <subfield code="b">VLOAD</subfield>
    <subfield code="c">200812210824</subfield>
    <subfield code="d">VLOAD</subfield>
    <subfield code="y">200009210510</subfield>
    <subfield code="z">VLOAD</subfield>
  </datafield>
  <datafield tag="040" ind1=" " ind2=" ">
    <subfield code="a">RERO frbcuc</subfield>
  </datafield>
  <datafield tag="072" ind1=" " ind2="7">
    <subfield code="a">s1fr</subfield>
    <subfield code="2">rero</subfield>
  </datafield>
  <datafield tag="100" ind1="1" ind2=" ">
    <subfield code="0">(RERO)A003859900</subfield>
    <subfield code="a">Steele, Ross</subfield>
    <subfield code="4">cre</subfield>
  </datafield>
  <datafield tag="245" ind1="1" ind2="0">
    <subfield code="a">Révisions 3 :</subfield>
    <subfield code="b">350 exercices niveau avancé /</subfield>
    <subfield code="c">Ross Steele, Jane Zemiro.</subfield>
    <subfield code="p">Corrigés</subfield>
  </datafield>
  <datafield tag="264" ind1=" " ind2="1">
    <subfield code="a">Vanves :</subfield>
    <subfield code="b">Hachette F.L.E,</subfield>
    <subfield code="c">1998</subfield>
  </datafield>
  <datafield tag="300" ind1=" " ind2=" ">
    <subfield code="a">32 p. ;</subfield>
    <subfield code="c">25 cm</subfield>
  </datafield>
  <datafield tag="336" ind1=" " ind2=" ">
    <subfield code="b">txt</subfield>
    <subfield code="2">rdacontent</subfield>
  </datafield>
  <datafield tag="337" ind1=" " ind2=" ">
    <subfield code="b">n</subfield>
    <subfield code="2">rdamedia</subfield>
  </datafield>
  <datafield tag="338" ind1=" " ind2=" ">
    <subfield code="b">nc</subfield>
    <subfield code="2">rdacarrier</subfield>
  </datafield>
  <datafield tag="490" ind1="0" ind2=" ">
    <subfield code="a">Exerçons-nous</subfield>
  </datafield>
  <datafield tag="700" ind1="1" ind2=" ">
    <subfield code="0">(RERO)A003997465</subfield>
    <subfield code="a">Zemiro, Jane</subfield>
  </datafield>
  <datafield tag="800" ind1="1" ind2=" ">
    <subfield code="a">Steele, Ross. -</subfield>
    <subfield code="t">Révisions 3 : 350 exercices niveau avancé</subfield>
  </datafield>
  <datafield tag="901" ind1=" " ind2=" ">
    <subfield code="a">LAR BLE</subfield>
    <subfield code="b">2000/06</subfield>
    <subfield code="c">FLE</subfield>
  </datafield>
  <datafield tag="956" ind1=" " ind2=" ">
    <subfield code="a">frbcuc</subfield>
  </datafield>
  <datafield tag="981" ind1=" " ind2=" ">
    <subfield code="2">FLE</subfield>
    <subfield code="a">AB</subfield>
  </datafield>
</record>