
<record>
  <leader>00772naa a2200229 a 4500</leader>
  <controlfield tag="001">vtls005397123</controlfield>
  <controlfield tag="005">20170529173700.0</controlfield>
  <controlfield tag="008">100224s1831    gw |||||| ||||00|  |ger d</controlfield>
  <datafield tag="019" ind1=" " ind2=" ">
    <subfield code="a">Bibliogr. sans succès dans le KVK</subfield>
    <subfield code="9">frvvcr/02.2010</subfield>
  </datafield>
  <datafield tag="035" ind1=" " ind2=" ">
    <subfield code="a">R005397123</subfield>
  </datafield>
  <datafield tag="039" ind1=" " ind2="9">
    <subfield code="a">201705291737</subfield>
    <subfield code="b">VLOAD</subfield>
    <subfield code="c">201206141713</subfield>
    <subfield code="d">0210</subfield>
    <subfield code="y">201002241407</subfield>
    <subfield code="z">0132</subfield>
  </datafield>
  <datafield tag="040" ind1=" " ind2=" ">
    <subfield code="a">RERO frvvcr</subfield>
  </datafield>
  <datafield tag="072" ind1=" " ind2="7">
    <subfield code="a">s1ba</subfield>
    <subfield code="2">rero</subfield>
  </datafield>
  <datafield tag="245" ind1="0" ind2="0">
    <subfield code="a">Geheimnisse der Aten bei der durchfichtigen Glasmalerei nebst der Kunst die dazu nöthigen Farben zu bereiten und einzubrennen /</subfield>
    <subfield code="c">praktisch dargestellt von C.S.</subfield>
  </datafield>
  <datafield tag="264" ind1=" " ind2="1">
    <subfield code="a">Leipzig :</subfield>
    <subfield code="b">C.E. Kollmann,</subfield>
    <subfield code="c">1831</subfield>
  </datafield>
  <datafield tag="300" ind1=" " ind2=" ">
    <subfield code="a">1 Bd.</subfield>
  </datafield>
  <datafield tag="336" ind1=" " ind2=" ">
    <subfield code="b">txt</subfield>
    <subfield code="2">rdacontent</subfield>
  </datafield>
  <datafield tag="337" ind1=" " ind2=" ">
    <subfield code="b">n</subfield>
    <subfield code="2">rdamedia</subfield>
  </datafield>
  <datafield tag="338" ind1=" " ind2=" ">
    <subfield code="b">nc</subfield>
    <subfield code="2">rdacarrier</subfield>
  </datafield>
  <datafield tag="901" ind1=" " ind2=" ">
    <subfield code="a">vcrenfer</subfield>
  </datafield>
  <datafield tag="956" ind1=" " ind2=" ">
    <subfield code="a">frvvcr</subfield>
  </datafield>
  <datafield tag="981" ind1=" " ind2=" ">
    <subfield code="2">VCR</subfield>
    <subfield code="a">T 2.2</subfield>
  </datafield>
</record>