
<record>
  <leader>00793naa a22002297a 4500</leader>
  <controlfield tag="001">vtls003444421</controlfield>
  <controlfield tag="005">20170518131900.0</controlfield>
  <controlfield tag="008">980412s1984    xx ||| |  ||||00|  0eng d</controlfield>
  <datafield tag="035" ind1=" " ind2=" ">
    <subfield code="a">R003444421</subfield>
  </datafield>
  <datafield tag="039" ind1=" " ind2="9">
    <subfield code="a">201705181319</subfield>
    <subfield code="b">VLOAD</subfield>
    <subfield code="c">201605141124</subfield>
    <subfield code="d">VLOAD</subfield>
    <subfield code="c">201210191805</subfield>
    <subfield code="d">VLOAD</subfield>
    <subfield code="c">201112192202</subfield>
    <subfield code="d">VLOAD</subfield>
    <subfield code="y">200506232312</subfield>
    <subfield code="z">VLOAD</subfield>
  </datafield>
  <datafield tag="040" ind1=" " ind2=" ">
    <subfield code="a">RERO gewcc-</subfield>
  </datafield>
  <datafield tag="072" ind1=" " ind2="7">
    <subfield code="a">s1th</subfield>
    <subfield code="2">rero</subfield>
  </datafield>
  <datafield tag="100" ind1="1" ind2=" ">
    <subfield code="0">(RERO)A003455131</subfield>
    <subfield code="a">Kinnamon, Michael</subfield>
    <subfield code="4">cre</subfield>
  </datafield>
  <datafield tag="245" ind1="1" ind2="0">
    <subfield code="a">Growing together towards the unity of the Church /</subfield>
    <subfield code="c">Michael K. Kinnamon</subfield>
  </datafield>
  <datafield tag="264" ind1=" " ind2="1">
    <subfield code="c">1984</subfield>
  </datafield>
  <datafield tag="336" ind1=" " ind2=" ">
    <subfield code="b">txt</subfield>
    <subfield code="2">rdacontent</subfield>
  </datafield>
  <datafield tag="337" ind1=" " ind2=" ">
    <subfield code="b">n</subfield>
    <subfield code="2">rdamedia</subfield>
  </datafield>
  <datafield tag="338" ind1=" " ind2=" ">
    <subfield code="b">nc</subfield>
    <subfield code="2">rdacarrier</subfield>
  </datafield>
  <datafield tag="580" ind1=" " ind2=" ">
    <subfield code="a">In: Mid-stream ; v. 23 (1984) p. 189-200</subfield>
  </datafield>
  <datafield tag="773" ind1="1" ind2=" ">
    <subfield code="t">Mid-stream : an ecumenical journal</subfield>
    <subfield code="g">v. 23 (1984) p. 189-200</subfield>
  </datafield>
  <datafield tag="957" ind1=" " ind2=" ">
    <subfield code="a">gewcc-</subfield>
  </datafield>
  <datafield tag="982" ind1=" " ind2=" ">
    <subfield code="2">wccsh</subfield>
    <subfield code="a">Wcc</subfield>
    <subfield code="d">Faith and Order</subfield>
  </datafield>
</record>