
<record>
  <leader>00743naa a22002177a 4500</leader>
  <controlfield tag="001">vtls003440523</controlfield>
  <controlfield tag="005">20170518130500.0</controlfield>
  <controlfield tag="008">980412s1985    xx ||| |  ||||00|  0ger d</controlfield>
  <datafield tag="035" ind1=" " ind2=" ">
    <subfield code="a">R003440523</subfield>
  </datafield>
  <datafield tag="039" ind1=" " ind2="9">
    <subfield code="a">201705181305</subfield>
    <subfield code="b">VLOAD</subfield>
    <subfield code="c">201605141115</subfield>
    <subfield code="d">VLOAD</subfield>
    <subfield code="c">201210191759</subfield>
    <subfield code="d">VLOAD</subfield>
    <subfield code="c">201112192147</subfield>
    <subfield code="d">VLOAD</subfield>
    <subfield code="y">200506232301</subfield>
    <subfield code="z">VLOAD</subfield>
  </datafield>
  <datafield tag="040" ind1=" " ind2=" ">
    <subfield code="a">RERO gewcc-</subfield>
  </datafield>
  <datafield tag="072" ind1=" " ind2="7">
    <subfield code="a">s1th</subfield>
    <subfield code="2">rero</subfield>
  </datafield>
  <datafield tag="245" ind1="0" ind2="0">
    <subfield code="a">Auf dem Weg zum gemeinsamen Aussprechen des apostolischen Glaubens heute</subfield>
  </datafield>
  <datafield tag="264" ind1=" " ind2="1">
    <subfield code="c">1985</subfield>
  </datafield>
  <datafield tag="336" ind1=" " ind2=" ">
    <subfield code="b">txt</subfield>
    <subfield code="2">rdacontent</subfield>
  </datafield>
  <datafield tag="337" ind1=" " ind2=" ">
    <subfield code="b">n</subfield>
    <subfield code="2">rdamedia</subfield>
  </datafield>
  <datafield tag="338" ind1=" " ind2=" ">
    <subfield code="b">nc</subfield>
    <subfield code="2">rdacarrier</subfield>
  </datafield>
  <datafield tag="580" ind1=" " ind2=" ">
    <subfield code="a">In: Ökumenische Rundschau ; v. 34 (1985) p. 522-526</subfield>
  </datafield>
  <datafield tag="773" ind1="1" ind2=" ">
    <subfield code="t">Ökumenische Rundschau</subfield>
    <subfield code="g">v. 34 (1985) p. 522-526</subfield>
  </datafield>
  <datafield tag="957" ind1=" " ind2=" ">
    <subfield code="a">gewcc-</subfield>
  </datafield>
  <datafield tag="982" ind1=" " ind2=" ">
    <subfield code="2">wccsh</subfield>
    <subfield code="a">Faith</subfield>
    <subfield code="d">Ecumenical theology</subfield>
  </datafield>
</record>