
<record>
  <leader>01065nam a2200325 a 4500</leader>
  <controlfield tag="001">vtls000374923</controlfield>
  <controlfield tag="005">20180825132300.0</controlfield>
  <controlfield tag="008">960525s1981    gw ||| |  ||||00|| |ger d</controlfield>
  <datafield tag="020" ind1=" " ind2=" ">
    <subfield code="a">9783761081006</subfield>
  </datafield>
  <datafield tag="035" ind1=" " ind2=" ">
    <subfield code="a">0406677</subfield>
  </datafield>
  <datafield tag="039" ind1=" " ind2="9">
    <subfield code="a">201808251323</subfield>
    <subfield code="b">VLOAD</subfield>
    <subfield code="c">201711251200</subfield>
    <subfield code="d">VLOAD</subfield>
    <subfield code="c">201706101943</subfield>
    <subfield code="d">VLOAD</subfield>
    <subfield code="c">201704031015</subfield>
    <subfield code="d">VLOAD</subfield>
    <subfield code="y">1999022719390000</subfield>
    <subfield code="z">load</subfield>
  </datafield>
  <datafield tag="040" ind1=" " ind2=" ">
    <subfield code="a">RERO</subfield>
  </datafield>
  <datafield tag="041" ind1="1" ind2=" ">
    <subfield code="a">ger</subfield>
    <subfield code="h">heb</subfield>
  </datafield>
  <datafield tag="072" ind1=" " ind2="7">
    <subfield code="a">s1hm</subfield>
    <subfield code="2">rero</subfield>
  </datafield>
  <datafield tag="100" ind1="1" ind2=" ">
    <subfield code="0">(RERO)A003824962</subfield>
    <subfield code="a">Shahar, Shulamith</subfield>
    <subfield code="4">cre</subfield>
  </datafield>
  <datafield tag="245" ind1="1" ind2="4">
    <subfield code="a">Die Frau im Mittelalter /</subfield>
    <subfield code="c">Shulamith Shahar ; übers. von Ruth Achlama</subfield>
  </datafield>
  <datafield tag="264" ind1=" " ind2="1">
    <subfield code="a">Königstein/Ts. :</subfield>
    <subfield code="b">Athenäum,</subfield>
    <subfield code="c">1981</subfield>
  </datafield>
  <datafield tag="300" ind1=" " ind2=" ">
    <subfield code="a">283 p. ;</subfield>
    <subfield code="c">22 cm</subfield>
  </datafield>
  <datafield tag="336" ind1=" " ind2=" ">
    <subfield code="b">txt</subfield>
    <subfield code="2">rdacontent</subfield>
  </datafield>
  <datafield tag="337" ind1=" " ind2=" ">
    <subfield code="b">n</subfield>
    <subfield code="2">rdamedia</subfield>
  </datafield>
  <datafield tag="338" ind1=" " ind2=" ">
    <subfield code="b">nc</subfield>
    <subfield code="2">rdacarrier</subfield>
  </datafield>
  <datafield tag="650" ind1=" " ind2="7">
    <subfield code="0">(RERO)A021128508</subfield>
    <subfield code="a">Moyen âge</subfield>
    <subfield code="2">rero</subfield>
  </datafield>
  <datafield tag="650" ind1=" " ind2="7">
    <subfield code="0">(RERO)A021010410</subfield>
    <subfield code="a">Femmes</subfield>
    <subfield code="2">rero</subfield>
  </datafield>
  <datafield tag="700" ind1="1" ind2=" ">
    <subfield code="0">(RERO)A002906708</subfield>
    <subfield code="a">Achlama, Ruth</subfield>
  </datafield>
  <datafield tag="919" ind1=" " ind2=" ">
    <subfield code="9">650 _7</subfield>
    <subfield code="a">femme</subfield>
    <subfield code="y">Moyen-Âge</subfield>
    <subfield code="2">chrero</subfield>
  </datafield>
  <datafield tag="956" ind1=" " ind2=" ">
    <subfield code="a">frbcuc</subfield>
  </datafield>
  <datafield tag="957" ind1=" " ind2=" ">
    <subfield code="a">geulal</subfield>
  </datafield>
  <datafield tag="981" ind1=" " ind2=" ">
    <subfield code="2">SHMA</subfield>
    <subfield code="a">CCC</subfield>
  </datafield>
  <datafield tag="982" ind1=" " ind2=" ">
    <subfield code="2">ge-ulal</subfield>
    <subfield code="a">MA/A 1d*SHAH Fra im</subfield>
  </datafield>
  <datafield tag="992" ind1=" " ind2=" ">
    <subfield code="a">BFLA 143883</subfield>
    <subfield code="x">ge/ulal/a/FLt 24595</subfield>
  </datafield>
</record>