
<record>
  <leader>00999naa a22002537a 4500</leader>
  <controlfield tag="001">vtls003445522</controlfield>
  <controlfield tag="005">20170518132300.0</controlfield>
  <controlfield tag="008">980412s1989    xx ||| |  ||||00|  0eng d</controlfield>
  <datafield tag="035" ind1=" " ind2=" ">
    <subfield code="a">R003445522</subfield>
  </datafield>
  <datafield tag="039" ind1=" " ind2="9">
    <subfield code="a">201705181323</subfield>
    <subfield code="b">VLOAD</subfield>
    <subfield code="c">201605141127</subfield>
    <subfield code="d">VLOAD</subfield>
    <subfield code="c">201210191807</subfield>
    <subfield code="d">VLOAD</subfield>
    <subfield code="c">201112192207</subfield>
    <subfield code="d">VLOAD</subfield>
    <subfield code="y">200506232317</subfield>
    <subfield code="z">VLOAD</subfield>
  </datafield>
  <datafield tag="040" ind1=" " ind2=" ">
    <subfield code="a">RERO gewcc-</subfield>
  </datafield>
  <datafield tag="072" ind1=" " ind2="7">
    <subfield code="a">s1th</subfield>
    <subfield code="2">rero</subfield>
  </datafield>
  <datafield tag="100" ind1="1" ind2=" ">
    <subfield code="0">(RERO)A009691511</subfield>
    <subfield code="a">Wickeri, Philip L</subfield>
    <subfield code="4">cre</subfield>
  </datafield>
  <datafield tag="245" ind1="1" ind2="0">
    <subfield code="a">Development service and China&apos;s modernization :</subfield>
    <subfield code="b">the Amity Foundation in theological perspective /</subfield>
    <subfield code="c">Philip L. Wickeri</subfield>
  </datafield>
  <datafield tag="264" ind1=" " ind2="1">
    <subfield code="c">1989</subfield>
  </datafield>
  <datafield tag="336" ind1=" " ind2=" ">
    <subfield code="b">txt</subfield>
    <subfield code="2">rdacontent</subfield>
  </datafield>
  <datafield tag="337" ind1=" " ind2=" ">
    <subfield code="b">n</subfield>
    <subfield code="2">rdamedia</subfield>
  </datafield>
  <datafield tag="338" ind1=" " ind2=" ">
    <subfield code="b">nc</subfield>
    <subfield code="2">rdacarrier</subfield>
  </datafield>
  <datafield tag="580" ind1=" " ind2=" ">
    <subfield code="a">In: Ecumenical Review ; v. 41 (January 1989), no. 41, p. 78-87</subfield>
  </datafield>
  <datafield tag="773" ind1="1" ind2=" ">
    <subfield code="t">Ecumenical review : a quarterly</subfield>
    <subfield code="g">v. 41 (January 1989), no. 41, p. 78-87</subfield>
  </datafield>
  <datafield tag="957" ind1=" " ind2=" ">
    <subfield code="a">gewcc-</subfield>
  </datafield>
  <datafield tag="982" ind1=" " ind2=" ">
    <subfield code="0">(RERO)6A005099035</subfield>
    <subfield code="2">wccsh</subfield>
    <subfield code="a">Christianity</subfield>
    <subfield code="d">China</subfield>
    <subfield code="e">[LCSH]</subfield>
  </datafield>
  <datafield tag="982" ind1=" " ind2=" ">
    <subfield code="2">wccsh</subfield>
    <subfield code="a">Development aid</subfield>
    <subfield code="d">Ecumenical movement</subfield>
  </datafield>
  <datafield tag="982" ind1=" " ind2=" ">
    <subfield code="2">wccsh</subfield>
    <subfield code="a">Amity Foundation</subfield>
  </datafield>
</record>