
<record>
  <leader>02017nam a22005412a 4500</leader>
  <controlfield tag="001">vtls006031528</controlfield>
  <controlfield tag="005">20180403163000.0</controlfield>
  <controlfield tag="008">110218s1999    fr ||| |  ||||00|  |fre d</controlfield>
  <datafield tag="019" ind1=" " ind2=" ">
    <subfield code="a">Notice créée dans le cadre de la migration de la BM Delémont</subfield>
    <subfield code="9">jubmdj/04.2011</subfield>
  </datafield>
  <datafield tag="020" ind1=" " ind2=" ">
    <subfield code="a">9782841138272</subfield>
  </datafield>
  <datafield tag="035" ind1=" " ind2=" ">
    <subfield code="a">R006031528</subfield>
  </datafield>
  <datafield tag="039" ind1=" " ind2="9">
    <subfield code="a">201804031630</subfield>
    <subfield code="b">VLOAD</subfield>
    <subfield code="c">201802121354</subfield>
    <subfield code="d">4997</subfield>
    <subfield code="c">201705301331</subfield>
    <subfield code="d">VLOAD</subfield>
    <subfield code="c">201609191513</subfield>
    <subfield code="d">VLOAD</subfield>
    <subfield code="y">201106171541</subfield>
    <subfield code="z">VLOAD</subfield>
  </datafield>
  <datafield tag="040" ind1=" " ind2=" ">
    <subfield code="a">RERO jubmdj</subfield>
  </datafield>
  <datafield tag="072" ind1=" " ind2="7">
    <subfield code="a">s1zz</subfield>
    <subfield code="2">rero</subfield>
  </datafield>
  <datafield tag="100" ind1="1" ind2=" ">
    <subfield code="0">(RERO)A003261170</subfield>
    <subfield code="a">Frattini, Stéphane</subfield>
    <subfield code="4">cre</subfield>
  </datafield>
  <datafield tag="245" ind1="1" ind2="0">
    <subfield code="a">Nos amis les hommes :</subfield>
    <subfield code="b">plus de 50 animaux témoignent /</subfield>
    <subfield code="c">Stéphane Frattini, Thierry Desailly</subfield>
  </datafield>
  <datafield tag="264" ind1=" " ind2="1">
    <subfield code="a">Toulouse :</subfield>
    <subfield code="b">Milan,</subfield>
    <subfield code="c">1999</subfield>
  </datafield>
  <datafield tag="300" ind1=" " ind2=" ">
    <subfield code="a">55 p. :</subfield>
    <subfield code="b">ill. ;</subfield>
    <subfield code="c">26 cm</subfield>
  </datafield>
  <datafield tag="336" ind1=" " ind2=" ">
    <subfield code="b">txt</subfield>
    <subfield code="2">rdacontent</subfield>
  </datafield>
  <datafield tag="337" ind1=" " ind2=" ">
    <subfield code="b">n</subfield>
    <subfield code="2">rdamedia</subfield>
  </datafield>
  <datafield tag="338" ind1=" " ind2=" ">
    <subfield code="b">nc</subfield>
    <subfield code="2">rdacarrier</subfield>
  </datafield>
  <datafield tag="520" ind1="8" ind2=" ">
    <subfield code="a">Les hommes racontés par les animaux, en fonction de leur propre expérience et avec humour. Une façon pour l&apos;enfant de se découvrir lui-même et l&apos;univers qui l&apos;entoure. Dessins couleurs</subfield>
    <subfield code="9">njhep-/09.2011</subfield>
  </datafield>
  <datafield tag="521" ind1=" " ind2=" ">
    <subfield code="a">Enfants (9-12 ans)</subfield>
    <subfield code="9">vdcors/05.2012</subfield>
  </datafield>
  <datafield tag="521" ind1=" " ind2=" ">
    <subfield code="a">Harmos9</subfield>
    <subfield code="9">njhep-/09.2011</subfield>
    <subfield code="9">rero/05.2014</subfield>
  </datafield>
  <datafield tag="521" ind1=" " ind2=" ">
    <subfield code="a">Harmos10</subfield>
    <subfield code="9">njhep-/09.2011</subfield>
    <subfield code="9">rero/05.2014</subfield>
  </datafield>
  <datafield tag="521" ind1=" " ind2=" ">
    <subfield code="a">Harmos11</subfield>
    <subfield code="9">njhep-/09.2011</subfield>
    <subfield code="9">rero/05.2014</subfield>
  </datafield>
  <datafield tag="700" ind1="1" ind2=" ">
    <subfield code="0">(RERO)A003171459</subfield>
    <subfield code="a">Desailly, Thierry</subfield>
  </datafield>
  <datafield tag="901" ind1=" " ind2=" ">
    <subfield code="a">hepfrfusion</subfield>
  </datafield>
  <datafield tag="901" ind1=" " ind2=" ">
    <subfield code="a">hepfrmigration</subfield>
    <subfield code="b">2011/09</subfield>
  </datafield>
  <datafield tag="904" ind1=" " ind2=" ">
    <subfield code="a">hepbjnfusion</subfield>
  </datafield>
  <datafield tag="904" ind1=" " ind2=" ">
    <subfield code="a">njhep-migration</subfield>
    <subfield code="b">2011/09</subfield>
  </datafield>
  <datafield tag="919" ind1=" " ind2=" ">
    <subfield code="a">humour</subfield>
    <subfield code="e">animal</subfield>
    <subfield code="b">homme</subfield>
    <subfield code="2">vschab</subfield>
  </datafield>
  <datafield tag="931" ind1=" " ind2=" ">
    <subfield code="a">hepfru42841 hepfrh27575</subfield>
  </datafield>
  <datafield tag="956" ind1=" " ind2=" ">
    <subfield code="a">frvhep</subfield>
  </datafield>
  <datafield tag="962" ind1=" " ind2=" ">
    <subfield code="a">njhep-</subfield>
  </datafield>
  <datafield tag="973" ind1=" " ind2=" ">
    <subfield code="a">vscoll</subfield>
  </datafield>
  <datafield tag="981" ind1=" " ind2=" ">
    <subfield code="2">HEPPTC</subfield>
    <subfield code="a">955.4</subfield>
  </datafield>
  <datafield tag="981" ind1=" " ind2=" ">
    <subfield code="2">HEPSUJ</subfield>
    <subfield code="a">être humain</subfield>
  </datafield>
  <datafield tag="981" ind1=" " ind2=" ">
    <subfield code="2">HEPSUJ</subfield>
    <subfield code="a">homme préhistorique</subfield>
  </datafield>
  <datafield tag="981" ind1=" " ind2=" ">
    <subfield code="2">HEPSUJ</subfield>
    <subfield code="a">physiologie animale</subfield>
  </datafield>
  <datafield tag="981" ind1=" " ind2=" ">
    <subfield code="2">HEPSUJ</subfield>
    <subfield code="a">société animale</subfield>
  </datafield>
  <datafield tag="981" ind1=" " ind2=" ">
    <subfield code="2">HEPSUP</subfield>
    <subfield code="a">monographie</subfield>
  </datafield>
  <datafield tag="984" ind1=" " ind2=" ">
    <subfield code="2">njhepm</subfield>
    <subfield code="a">être humain</subfield>
  </datafield>
  <datafield tag="984" ind1=" " ind2=" ">
    <subfield code="2">njhepm</subfield>
    <subfield code="a">comportement</subfield>
  </datafield>
  <datafield tag="984" ind1=" " ind2=" ">
    <subfield code="2">njhepm</subfield>
    <subfield code="a">histoire</subfield>
  </datafield>
  <datafield tag="984" ind1=" " ind2=" ">
    <subfield code="2">njhepm</subfield>
    <subfield code="a">homme</subfield>
  </datafield>
  <datafield tag="984" ind1=" " ind2=" ">
    <subfield code="2">njhepm</subfield>
    <subfield code="a">humour</subfield>
  </datafield>
  <datafield tag="986" ind1=" " ind2=" ">
    <subfield code="2">cdu-vscoll</subfield>
    <subfield code="a">847</subfield>
  </datafield>
</record>