
<record>
  <leader>01276nam a2200349 a 4500</leader>
  <controlfield tag="001">vtls002670520</controlfield>
  <controlfield tag="005">20170611111600.0</controlfield>
  <controlfield tag="008">000913s1978    xxk|||||| ||||00|  |eng d</controlfield>
  <datafield tag="020" ind1=" " ind2=" ">
    <subfield code="a">9780855278410</subfield>
  </datafield>
  <datafield tag="020" ind1=" " ind2=" ">
    <subfield code="a">9780855275624</subfield>
  </datafield>
  <datafield tag="035" ind1=" " ind2=" ">
    <subfield code="a">R267052060</subfield>
  </datafield>
  <datafield tag="039" ind1=" " ind2=" ">
    <subfield code="b">0007</subfield>
    <subfield code="b">0009i</subfield>
  </datafield>
  <datafield tag="039" ind1=" " ind2="9">
    <subfield code="a">201706111116</subfield>
    <subfield code="b">VLOAD</subfield>
    <subfield code="c">201510281526</subfield>
    <subfield code="d">VLOAD</subfield>
    <subfield code="c">200606080722</subfield>
    <subfield code="d">VLOAD</subfield>
    <subfield code="c">200406160609</subfield>
    <subfield code="d">VLOAD</subfield>
    <subfield code="y">200009132322</subfield>
    <subfield code="z">VLOAD</subfield>
  </datafield>
  <datafield tag="040" ind1=" " ind2=" ">
    <subfield code="a">RERO frbcuc</subfield>
  </datafield>
  <datafield tag="041" ind1="1" ind2=" ">
    <subfield code="a">eng</subfield>
    <subfield code="h">fre</subfield>
  </datafield>
  <datafield tag="072" ind1=" " ind2="7">
    <subfield code="a">s1lg</subfield>
    <subfield code="2">rero</subfield>
  </datafield>
  <datafield tag="100" ind1="1" ind2=" ">
    <subfield code="0">(RERO)A000093211</subfield>
    <subfield code="a">Jakobson, Roman</subfield>
    <subfield code="4">cre</subfield>
  </datafield>
  <datafield tag="245" ind1="1" ind2="0">
    <subfield code="a">Six lectures on sound and meaning /</subfield>
    <subfield code="c">Roman Jakobson ; with a pref. by Claude Lévi-Strauss ; transl. from the French by John Mepham</subfield>
  </datafield>
  <datafield tag="264" ind1=" " ind2="1">
    <subfield code="a">Hassocks :</subfield>
    <subfield code="b">The Harvester Press,</subfield>
    <subfield code="c">[1978]</subfield>
  </datafield>
  <datafield tag="264" ind1=" " ind2="4">
    <subfield code="c">© 1978</subfield>
  </datafield>
  <datafield tag="300" ind1=" " ind2=" ">
    <subfield code="a">XXVI, 116 p. ;</subfield>
    <subfield code="c">23 cm</subfield>
  </datafield>
  <datafield tag="336" ind1=" " ind2=" ">
    <subfield code="b">txt</subfield>
    <subfield code="2">rdacontent</subfield>
  </datafield>
  <datafield tag="337" ind1=" " ind2=" ">
    <subfield code="b">n</subfield>
    <subfield code="2">rdamedia</subfield>
  </datafield>
  <datafield tag="338" ind1=" " ind2=" ">
    <subfield code="b">nc</subfield>
    <subfield code="2">rdacarrier</subfield>
  </datafield>
  <datafield tag="500" ind1=" " ind2=" ">
    <subfield code="a">Traduit de: Six leçons sur le son et le sens</subfield>
  </datafield>
  <datafield tag="650" ind1=" " ind2="7">
    <subfield code="0">(RERO)A010131629</subfield>
    <subfield code="a">phonème</subfield>
    <subfield code="2">rerovoc</subfield>
  </datafield>
  <datafield tag="650" ind1=" " ind2="7">
    <subfield code="0">(RERO)A021095124</subfield>
    <subfield code="a">Linguistique structurale</subfield>
    <subfield code="2">rero</subfield>
  </datafield>
  <datafield tag="650" ind1=" " ind2="7">
    <subfield code="0">(RERO)A021099875</subfield>
    <subfield code="a">Phonétique</subfield>
    <subfield code="2">rero</subfield>
  </datafield>
  <datafield tag="700" ind1="1" ind2=" ">
    <subfield code="0">(RERO)A003584638</subfield>
    <subfield code="a">Mepham, John</subfield>
  </datafield>
  <datafield tag="919" ind1=" " ind2=" ">
    <subfield code="9">650 _7</subfield>
    <subfield code="a">phonème</subfield>
    <subfield code="x">* linguistique structurale</subfield>
    <subfield code="2">chrero</subfield>
  </datafield>
  <datafield tag="919" ind1=" " ind2=" ">
    <subfield code="9">650 _7</subfield>
    <subfield code="a">phonétique</subfield>
    <subfield code="2">chrero</subfield>
  </datafield>
  <datafield tag="956" ind1=" " ind2=" ">
    <subfield code="a">frbcuc</subfield>
  </datafield>
</record>