
<record>
  <leader>01543naa a2200385 a 4500</leader>
  <controlfield tag="001">vtls003159525</controlfield>
  <controlfield tag="005">20180126154600.0</controlfield>
  <controlfield tag="008">020304s1984    sz |||||| ||||00|| |fre d</controlfield>
  <datafield tag="035" ind1=" " ind2=" ">
    <subfield code="a">R003159525</subfield>
  </datafield>
  <datafield tag="039" ind1=" " ind2="7">
    <subfield code="b">3306</subfield>
  </datafield>
  <datafield tag="039" ind1=" " ind2="9">
    <subfield code="a">201801261546</subfield>
    <subfield code="b">AUTHORITY</subfield>
    <subfield code="c">201711252046</subfield>
    <subfield code="d">VLOAD</subfield>
    <subfield code="c">201706110635</subfield>
    <subfield code="d">VLOAD</subfield>
    <subfield code="c">201604121508</subfield>
    <subfield code="d">3338</subfield>
    <subfield code="y">200203041625</subfield>
    <subfield code="z">3304</subfield>
  </datafield>
  <datafield tag="040" ind1=" " ind2=" ">
    <subfield code="a">RERO nebpun</subfield>
  </datafield>
  <datafield tag="072" ind1=" " ind2="7">
    <subfield code="a">s1hs</subfield>
    <subfield code="2">rero</subfield>
  </datafield>
  <datafield tag="100" ind1="1" ind2=" ">
    <subfield code="0">(RERO)A003112005</subfield>
    <subfield code="a">Clottu, Olivier,</subfield>
    <subfield code="d">1910-1997</subfield>
    <subfield code="4">cre</subfield>
  </datafield>
  <datafield tag="245" ind1="1" ind2="3">
    <subfield code="a">Le coffre de mariage armorié neuchâtelois /</subfield>
    <subfield code="c">par Olivier Clottu</subfield>
  </datafield>
  <datafield tag="264" ind1=" " ind2="1">
    <subfield code="a">[Var. loc.] :</subfield>
    <subfield code="b">Société suisse d&apos;héraldique,</subfield>
    <subfield code="c">1984</subfield>
  </datafield>
  <datafield tag="300" ind1=" " ind2=" ">
    <subfield code="a">P. 57-76 :</subfield>
    <subfield code="b">fig. ;</subfield>
    <subfield code="c">27 cm</subfield>
  </datafield>
  <datafield tag="336" ind1=" " ind2=" ">
    <subfield code="b">txt</subfield>
    <subfield code="2">rdacontent</subfield>
  </datafield>
  <datafield tag="337" ind1=" " ind2=" ">
    <subfield code="b">n</subfield>
    <subfield code="2">rdamedia</subfield>
  </datafield>
  <datafield tag="338" ind1=" " ind2=" ">
    <subfield code="b">nc</subfield>
    <subfield code="2">rdacarrier</subfield>
  </datafield>
  <datafield tag="580" ind1=" " ind2=" ">
    <subfield code="a">Tiré à part de: Archives héraldiques suisses. Annuaire. - [Var. loc.] : Société suisse d&apos;héraldique, 1984. - P. 57-76</subfield>
  </datafield>
  <datafield tag="650" ind1=" " ind2="7">
    <subfield code="0">(RERO)A021007842</subfield>
    <subfield code="a">Armoiries</subfield>
    <subfield code="2">rero</subfield>
  </datafield>
  <datafield tag="650" ind1=" " ind2="7">
    <subfield code="0">(RERO)A021002119</subfield>
    <subfield code="a">Mariage</subfield>
    <subfield code="2">rero</subfield>
  </datafield>
  <datafield tag="650" ind1=" " ind2="7">
    <subfield code="0">(RERO)A021017257</subfield>
    <subfield code="a">17e siècle</subfield>
    <subfield code="2">rero</subfield>
  </datafield>
  <datafield tag="650" ind1=" " ind2="7">
    <subfield code="0">(RERO)A021062969</subfield>
    <subfield code="a">Coffres</subfield>
    <subfield code="2">rero</subfield>
  </datafield>
  <datafield tag="651" ind1=" " ind2="7">
    <subfield code="0">(RERO)A010123055</subfield>
    <subfield code="a">Neuchâtel (Suisse, canton)</subfield>
    <subfield code="2">rero</subfield>
  </datafield>
  <datafield tag="773" ind1="1" ind2=" ">
    <subfield code="t">Archives héraldiques suisses. Annuaire</subfield>
    <subfield code="g">1984/57</subfield>
  </datafield>
  <datafield tag="904" ind1=" " ind2=" ">
    <subfield code="a">neoco</subfield>
  </datafield>
  <datafield tag="904" ind1=" " ind2=" ">
    <subfield code="a">neaut</subfield>
  </datafield>
  <datafield tag="919" ind1=" " ind2=" ">
    <subfield code="9">650 _7</subfield>
    <subfield code="a">armoiries</subfield>
    <subfield code="x">coffre</subfield>
    <subfield code="x">mariage</subfield>
    <subfield code="z">Neuchâtel (Suisse, canton)</subfield>
    <subfield code="y">17e s.</subfield>
    <subfield code="2">chrero</subfield>
  </datafield>
  <datafield tag="962" ind1=" " ind2=" ">
    <subfield code="a">nebpun necmh- nemahb</subfield>
  </datafield>
  <datafield tag="994" ind1=" " ind2=" ">
    <subfield code="a">CMH BROCHURES 1452bis</subfield>
    <subfield code="x">--</subfield>
  </datafield>
  <datafield tag="994" ind1=" " ind2=" ">
    <subfield code="a">CMH BROCHURES 1452</subfield>
    <subfield code="x">--</subfield>
  </datafield>
  <datafield tag="994" ind1=" " ind2=" ">
    <subfield code="a">BPUN QD 502/31</subfield>
    <subfield code="x">ne/bpun/d/</subfield>
  </datafield>
  <datafield tag="994" ind1=" " ind2=" ">
    <subfield code="a">BPUN 24R BBCA CLOT Coff</subfield>
    <subfield code="x">ne/bpun/d/2009/3645</subfield>
  </datafield>
</record>