
<record>
  <leader>00858nam a22002412a 4500</leader>
  <controlfield tag="001">vtls004093020</controlfield>
  <controlfield tag="005">20170519115400.0</controlfield>
  <controlfield tag="008">060320s1977    gw ||| |  ||||00|  |ger d</controlfield>
  <datafield tag="020" ind1=" " ind2=" ">
    <subfield code="a">9783880970748</subfield>
  </datafield>
  <datafield tag="035" ind1=" " ind2=" ">
    <subfield code="a">R004093020</subfield>
  </datafield>
  <datafield tag="039" ind1=" " ind2="9">
    <subfield code="a">201705191154</subfield>
    <subfield code="b">VLOAD</subfield>
    <subfield code="c">200812221527</subfield>
    <subfield code="d">VLOAD</subfield>
    <subfield code="c">200603201153</subfield>
    <subfield code="d">6224</subfield>
    <subfield code="y">200603201150</subfield>
    <subfield code="z">6224</subfield>
  </datafield>
  <datafield tag="040" ind1=" " ind2=" ">
    <subfield code="a">RERO gevbaa</subfield>
  </datafield>
  <datafield tag="072" ind1=" " ind2="7">
    <subfield code="a">s1ba</subfield>
    <subfield code="2">rero</subfield>
  </datafield>
  <datafield tag="100" ind1="1" ind2=" ">
    <subfield code="0">(RERO)A003471722</subfield>
    <subfield code="a">Kraft, Hartmut</subfield>
    <subfield code="4">cre</subfield>
  </datafield>
  <datafield tag="245" ind1="1" ind2="0">
    <subfield code="a">Dialoge mit Joseph Beuys, Rolf Escher, Klaus Fussmann, Rolf Iseli, Axel Knopp, Dieter Roth, Reiner Ruthenbeck, Bernard Schultze, Ursula /</subfield>
    <subfield code="c">Hartmut Kraft</subfield>
  </datafield>
  <datafield tag="264" ind1=" " ind2="1">
    <subfield code="a">Köln :</subfield>
    <subfield code="b">H. Braun,</subfield>
    <subfield code="c">1977</subfield>
  </datafield>
  <datafield tag="300" ind1=" " ind2=" ">
    <subfield code="a">[31] f. doubles :</subfield>
    <subfield code="b">ill. en noir et en coul. ;</subfield>
    <subfield code="c">35 cm</subfield>
  </datafield>
  <datafield tag="336" ind1=" " ind2=" ">
    <subfield code="b">txt</subfield>
    <subfield code="2">rdacontent</subfield>
  </datafield>
  <datafield tag="337" ind1=" " ind2=" ">
    <subfield code="b">n</subfield>
    <subfield code="2">rdamedia</subfield>
  </datafield>
  <datafield tag="338" ind1=" " ind2=" ">
    <subfield code="b">nc</subfield>
    <subfield code="2">rdacarrier</subfield>
  </datafield>
  <datafield tag="500" ind1=" " ind2=" ">
    <subfield code="a">Biogr.</subfield>
  </datafield>
  <datafield tag="957" ind1=" " ind2=" ">
    <subfield code="a">gevbaa</subfield>
  </datafield>
  <datafield tag="992" ind1=" " ind2=" ">
    <subfield code="a">BAA JK F 1</subfield>
    <subfield code="x">ge/vbaa/a/80/163</subfield>
  </datafield>
</record>