
<record>
  <leader>01117nam a2200289 a 4500</leader>
  <controlfield tag="001">vtls000655023</controlfield>
  <controlfield tag="005">20170516135100.0</controlfield>
  <controlfield tag="008">860618s1984    gw |||||| ||||01|| |ger d</controlfield>
  <datafield tag="020" ind1=" " ind2=" ">
    <subfield code="a">9783923818020</subfield>
  </datafield>
  <datafield tag="035" ind1=" " ind2=" ">
    <subfield code="a">0723011</subfield>
  </datafield>
  <datafield tag="039" ind1=" " ind2="9">
    <subfield code="a">201705161351</subfield>
    <subfield code="b">VLOAD</subfield>
    <subfield code="c">200812211536</subfield>
    <subfield code="d">VLOAD</subfield>
    <subfield code="c">200605281832</subfield>
    <subfield code="d">VLOAD</subfield>
    <subfield code="y">1999022802520000</subfield>
    <subfield code="z">load</subfield>
  </datafield>
  <datafield tag="040" ind1=" " ind2=" ">
    <subfield code="a">RERO neubfd</subfield>
  </datafield>
  <datafield tag="072" ind1=" " ind2="7">
    <subfield code="a">s1dr</subfield>
    <subfield code="2">rero</subfield>
  </datafield>
  <datafield tag="245" ind1="0" ind2="0">
    <subfield code="a">Rechtsmedizin, Verkehrsmedizin :</subfield>
    <subfield code="b">Praxis und Forschung : Herrn Prof. Dr. med. H.-J. Wagner zum 60. Geburtstag /</subfield>
    <subfield code="c">Hrsg.: D. Buhmann ... [et al.]</subfield>
  </datafield>
  <datafield tag="264" ind1=" " ind2="1">
    <subfield code="a">Homburg/Saar :</subfield>
    <subfield code="b">Universität des Saarlandes medizinische Fakultät,</subfield>
    <subfield code="c">1984</subfield>
  </datafield>
  <datafield tag="300" ind1=" " ind2=" ">
    <subfield code="a">113 p. :</subfield>
    <subfield code="b">ill. ;</subfield>
    <subfield code="c">30 cm</subfield>
  </datafield>
  <datafield tag="336" ind1=" " ind2=" ">
    <subfield code="b">txt</subfield>
    <subfield code="2">rdacontent</subfield>
  </datafield>
  <datafield tag="337" ind1=" " ind2=" ">
    <subfield code="b">n</subfield>
    <subfield code="2">rdamedia</subfield>
  </datafield>
  <datafield tag="338" ind1=" " ind2=" ">
    <subfield code="b">nc</subfield>
    <subfield code="2">rdacarrier</subfield>
  </datafield>
  <datafield tag="490" ind1="1" ind2=" ">
    <subfield code="a">Annales Universitatis Saraviensis. Medicinae</subfield>
    <subfield code="v">Suppl. 4/1984</subfield>
  </datafield>
  <datafield tag="700" ind1="1" ind2=" ">
    <subfield code="0">(RERO)A003055849</subfield>
    <subfield code="a">Buhmann, Dieter</subfield>
  </datafield>
  <datafield tag="700" ind1="1" ind2=" ">
    <subfield code="0">(RERO)A003953072</subfield>
    <subfield code="a">Wagner, Hans-Joachim</subfield>
  </datafield>
  <datafield tag="830" ind1=" " ind2="0">
    <subfield code="a">Annales Universitatis Saraviensis.</subfield>
    <subfield code="p">Medicinae</subfield>
    <subfield code="v">4/1984</subfield>
  </datafield>
  <datafield tag="962" ind1=" " ind2=" ">
    <subfield code="a">neubfd</subfield>
  </datafield>
  <datafield tag="980" ind1=" " ind2=" ">
    <subfield code="2">dr-sys</subfield>
    <subfield code="a">A 58.5 g</subfield>
  </datafield>
  <datafield tag="980" ind1=" " ind2=" ">
    <subfield code="2">dr-sys</subfield>
    <subfield code="a">A 15.1 g WAGN</subfield>
  </datafield>
  <datafield tag="984" ind1=" " ind2=" ">
    <subfield code="2">dr-neubfd</subfield>
    <subfield code="a">A 15.1 g WAGN 1984</subfield>
  </datafield>
</record>