
<record>
  <leader>01023naa a22002537a 4500</leader>
  <controlfield tag="001">vtls003472624</controlfield>
  <controlfield tag="005">20170518145200.0</controlfield>
  <controlfield tag="008">980412s1994    xx ||| |  ||||00|  0eng d</controlfield>
  <datafield tag="035" ind1=" " ind2=" ">
    <subfield code="a">R003472624</subfield>
  </datafield>
  <datafield tag="039" ind1=" " ind2="9">
    <subfield code="a">201705181452</subfield>
    <subfield code="b">VLOAD</subfield>
    <subfield code="c">201605141216</subfield>
    <subfield code="d">VLOAD</subfield>
    <subfield code="c">201210191835</subfield>
    <subfield code="d">VLOAD</subfield>
    <subfield code="c">201112192348</subfield>
    <subfield code="d">VLOAD</subfield>
    <subfield code="y">200506240030</subfield>
    <subfield code="z">VLOAD</subfield>
  </datafield>
  <datafield tag="040" ind1=" " ind2=" ">
    <subfield code="a">RERO gewcc-</subfield>
  </datafield>
  <datafield tag="072" ind1=" " ind2="7">
    <subfield code="a">s1th</subfield>
    <subfield code="2">rero</subfield>
  </datafield>
  <datafield tag="100" ind1="1" ind2=" ">
    <subfield code="0">(RERO)A011564118</subfield>
    <subfield code="a">Watson, J. Francis</subfield>
    <subfield code="4">cre</subfield>
  </datafield>
  <datafield tag="245" ind1="1" ind2="0">
    <subfield code="a">Martin Chemnitz and the Eastern Church :</subfield>
    <subfield code="b">A christology of the Catholic consensus of the Fathers /</subfield>
    <subfield code="c">J. Francis Watson</subfield>
  </datafield>
  <datafield tag="264" ind1=" " ind2="1">
    <subfield code="c">1994</subfield>
  </datafield>
  <datafield tag="336" ind1=" " ind2=" ">
    <subfield code="b">txt</subfield>
    <subfield code="2">rdacontent</subfield>
  </datafield>
  <datafield tag="337" ind1=" " ind2=" ">
    <subfield code="b">n</subfield>
    <subfield code="2">rdamedia</subfield>
  </datafield>
  <datafield tag="338" ind1=" " ind2=" ">
    <subfield code="b">nc</subfield>
    <subfield code="2">rdacarrier</subfield>
  </datafield>
  <datafield tag="580" ind1=" " ind2=" ">
    <subfield code="a">In: St. Vladimir&apos;s Theological Quarterly ; vol. 38, no. 1, 1994, p. 73-86</subfield>
  </datafield>
  <datafield tag="773" ind1="1" ind2=" ">
    <subfield code="t">St. Vladimir&apos;s theological quarterly</subfield>
    <subfield code="g">vol. 38, no. 1, 1994, p. 73-86</subfield>
  </datafield>
  <datafield tag="957" ind1=" " ind2=" ">
    <subfield code="a">gewcc-</subfield>
  </datafield>
  <datafield tag="982" ind1=" " ind2=" ">
    <subfield code="2">wccsh</subfield>
    <subfield code="a">Lutheran-Orthodox dialogue</subfield>
  </datafield>
  <datafield tag="982" ind1=" " ind2=" ">
    <subfield code="0">(RERO)6A004391808</subfield>
    <subfield code="2">wccsh</subfield>
    <subfield code="a">Jesus Christ</subfield>
    <subfield code="d">Person and offices</subfield>
    <subfield code="e">[LCSH]</subfield>
  </datafield>
  <datafield tag="982" ind1=" " ind2=" ">
    <subfield code="2">wccsh</subfield>
    <subfield code="a">Chemnitz, Martin (1522-1586)</subfield>
  </datafield>
</record>