
<record>
  <leader>01077naa a2200277 a 4500</leader>
  <controlfield tag="001">vtls006421229</controlfield>
  <controlfield tag="005">20170531085800.0</controlfield>
  <controlfield tag="008">110605s1983    xx ||| |  ||||00|  |fre d</controlfield>
  <datafield tag="019" ind1=" " ind2=" ">
    <subfield code="a">Notice migrée du catalogue de la BASt-Maurice</subfield>
    <subfield code="9">vsbasm/11.2012</subfield>
  </datafield>
  <datafield tag="035" ind1=" " ind2=" ">
    <subfield code="a">R006421229</subfield>
  </datafield>
  <datafield tag="039" ind1=" " ind2="9">
    <subfield code="a">201705310858</subfield>
    <subfield code="b">VLOAD</subfield>
    <subfield code="y">201212080854</subfield>
    <subfield code="z">VLOAD</subfield>
  </datafield>
  <datafield tag="040" ind1=" " ind2=" ">
    <subfield code="a">RERO vsbasm</subfield>
  </datafield>
  <datafield tag="072" ind1=" " ind2="7">
    <subfield code="a">s1zz</subfield>
    <subfield code="2">rero</subfield>
  </datafield>
  <datafield tag="100" ind1="1" ind2=" ">
    <subfield code="0">(RERO)A003082311</subfield>
    <subfield code="a">Cassina, Gaëtan</subfield>
    <subfield code="4">cre</subfield>
  </datafield>
  <datafield tag="245" ind1="1" ind2="0">
    <subfield code="a">Qui a vu un meuble d&apos;Alexandre Mayer ? :</subfield>
    <subfield code="b">un ébéniste souabe en Bas-Valais : 1670-1710 /</subfield>
    <subfield code="c">Gaëtan Cassina</subfield>
  </datafield>
  <datafield tag="264" ind1=" " ind2="1">
    <subfield code="a">[Lieu de publication non identifié] :</subfield>
    <subfield code="b">[Nos monuments d&apos;art et d&apos;histoire],</subfield>
    <subfield code="c">[1983?]</subfield>
  </datafield>
  <datafield tag="300" ind1=" " ind2=" ">
    <subfield code="a">P. 323-331</subfield>
  </datafield>
  <datafield tag="336" ind1=" " ind2=" ">
    <subfield code="b">txt</subfield>
    <subfield code="2">rdacontent</subfield>
  </datafield>
  <datafield tag="337" ind1=" " ind2=" ">
    <subfield code="b">n</subfield>
    <subfield code="2">rdamedia</subfield>
  </datafield>
  <datafield tag="338" ind1=" " ind2=" ">
    <subfield code="b">nc</subfield>
    <subfield code="2">rdacarrier</subfield>
  </datafield>
  <datafield tag="500" ind1=" " ind2=" ">
    <subfield code="a">Photocopies</subfield>
  </datafield>
  <datafield tag="500" ind1=" " ind2=" ">
    <subfield code="a">Texte publié pour les 70 ans d&apos;André Donnet dans: &quot;Nos monuments d&apos;art et d&apos;histoire&quot;, 1983, Année 34, no 3, p. 322-331</subfield>
  </datafield>
  <datafield tag="700" ind1="1" ind2=" ">
    <subfield code="0">(RERO)A012506149</subfield>
    <subfield code="a">Mayer, Alexandre,</subfield>
    <subfield code="c">ébéniste</subfield>
  </datafield>
  <datafield tag="936" ind1=" " ind2=" ">
    <subfield code="a">basmBM44820</subfield>
  </datafield>
  <datafield tag="973" ind1=" " ind2=" ">
    <subfield code="a">vsbasm</subfield>
  </datafield>
  <datafield tag="986" ind1=" " ind2=" ">
    <subfield code="2">cdu-vsbasm</subfield>
    <subfield code="a">SM 02.10 QUI31</subfield>
  </datafield>
</record>