
<record>
  <leader>01552naa a2200313 a 4500</leader>
  <controlfield tag="001">vtls004602125</controlfield>
  <controlfield tag="005">20180705101800.0</controlfield>
  <controlfield tag="008">080524s1991    sz ||| |  ||||00|  |ger d</controlfield>
  <datafield tag="019" ind1=" " ind2=" ">
    <subfield code="a">Notice migrée du catalogue du Swiss Forum for Migration and Population Studies (SFM)</subfield>
    <subfield code="9">neusfm/09.2008</subfield>
  </datafield>
  <datafield tag="035" ind1=" " ind2=" ">
    <subfield code="a">R004602125</subfield>
  </datafield>
  <datafield tag="039" ind1=" " ind2="9">
    <subfield code="a">201807051018</subfield>
    <subfield code="b">VLOAD</subfield>
    <subfield code="c">201705191622</subfield>
    <subfield code="d">VLOAD</subfield>
    <subfield code="c">201605150915</subfield>
    <subfield code="d">VLOAD</subfield>
    <subfield code="c">200907141641</subfield>
    <subfield code="d">1009</subfield>
    <subfield code="y">200811300853</subfield>
    <subfield code="z">VLOAD</subfield>
  </datafield>
  <datafield tag="040" ind1=" " ind2=" ">
    <subfield code="a">RERO neusfm</subfield>
  </datafield>
  <datafield tag="044" ind1=" " ind2=" ">
    <subfield code="a">sz</subfield>
    <subfield code="c">ch-vs</subfield>
  </datafield>
  <datafield tag="072" ind1=" " ind2="7">
    <subfield code="a">s1ht</subfield>
    <subfield code="2">rero</subfield>
  </datafield>
  <datafield tag="100" ind1="1" ind2=" ">
    <subfield code="0">(RERO)A002927632</subfield>
    <subfield code="a">Anderegg, Klaus</subfield>
    <subfield code="4">cre</subfield>
  </datafield>
  <datafield tag="245" ind1="1" ind2="0">
    <subfield code="a">Ursachen und Anlässe der Walliser Auswanderung im 19. Jahrhundert /</subfield>
    <subfield code="c">Klaus Anderegg</subfield>
  </datafield>
  <datafield tag="264" ind1=" " ind2="1">
    <subfield code="c">1991</subfield>
  </datafield>
  <datafield tag="336" ind1=" " ind2=" ">
    <subfield code="b">txt</subfield>
    <subfield code="2">rdacontent</subfield>
  </datafield>
  <datafield tag="337" ind1=" " ind2=" ">
    <subfield code="b">n</subfield>
    <subfield code="2">rdamedia</subfield>
  </datafield>
  <datafield tag="338" ind1=" " ind2=" ">
    <subfield code="b">nc</subfield>
    <subfield code="2">rdacarrier</subfield>
  </datafield>
  <datafield tag="580" ind1=" " ind2=" ">
    <subfield code="a">In: Valais d&apos;émigration = Auswanderungsland Wallis. - Sion : Editions des Musées cantonaux du Valais, 1991. - p. 87-120</subfield>
  </datafield>
  <datafield tag="773" ind1="1" ind2=" ">
    <subfield code="t">Valais d&apos;émigration : publication accompagnant l&apos;exposition Ubi bene ibi patria - Valais d&apos;émigration XVIe - XXe siècle, Musée cantonal d&apos;histoire et d&apos;ethnographie Valère 24 mai - 3 novembre 1991 = Auswanderungsland Wallis : Begleitpublikation zur Ausstellung Ubi bene ibi patria - Auswanderungsland Wallis 16. - 20. Jahrhundert, Kantonales Museum für Geschichte und Ethnographie Valère 24. Mai - 3. November 1991</subfield>
    <subfield code="g">87</subfield>
  </datafield>
  <datafield tag="962" ind1=" " ind2=" ">
    <subfield code="a">neusfm</subfield>
  </datafield>
  <datafield tag="984" ind1=" " ind2=" ">
    <subfield code="2">neu-sfm</subfield>
    <subfield code="a">Wallis</subfield>
  </datafield>
  <datafield tag="984" ind1=" " ind2=" ">
    <subfield code="2">neu-sfm</subfield>
    <subfield code="a">Valais</subfield>
  </datafield>
  <datafield tag="984" ind1=" " ind2=" ">
    <subfield code="2">neu-sfm</subfield>
    <subfield code="a">Switzerland</subfield>
  </datafield>
  <datafield tag="984" ind1=" " ind2=" ">
    <subfield code="2">neu-sfm</subfield>
    <subfield code="a">History</subfield>
  </datafield>
  <datafield tag="984" ind1=" " ind2=" ">
    <subfield code="2">neu-sfm</subfield>
    <subfield code="a">Emigration</subfield>
  </datafield>
  <datafield tag="994" ind1=" " ind2=" ">
    <subfield code="a">-</subfield>
    <subfield code="x">neusfm 32720</subfield>
  </datafield>
</record>