
<record>
  <leader>01562nam a2200361 a 4500</leader>
  <controlfield tag="001">vtls000644626</controlfield>
  <controlfield tag="005">20170610124400.0</controlfield>
  <controlfield tag="008">860515s1984    gw |||||| ||||00|| |ger d</controlfield>
  <datafield tag="020" ind1=" " ind2=" ">
    <subfield code="a">9783421028228</subfield>
  </datafield>
  <datafield tag="035" ind1=" " ind2=" ">
    <subfield code="a">0711741</subfield>
  </datafield>
  <datafield tag="039" ind1=" " ind2="9">
    <subfield code="a">201706101244</subfield>
    <subfield code="b">VLOAD</subfield>
    <subfield code="c">200812220030</subfield>
    <subfield code="d">VLOAD</subfield>
    <subfield code="c">200406281727</subfield>
    <subfield code="d">VLOAD</subfield>
    <subfield code="y">1999022802360000</subfield>
    <subfield code="z">load</subfield>
  </datafield>
  <datafield tag="040" ind1=" " ind2=" ">
    <subfield code="a">RERO gevbaa</subfield>
  </datafield>
  <datafield tag="072" ind1=" " ind2="7">
    <subfield code="a">s1at</subfield>
    <subfield code="2">rero</subfield>
  </datafield>
  <datafield tag="072" ind1=" " ind2="7">
    <subfield code="a">s2am</subfield>
    <subfield code="2">rero</subfield>
  </datafield>
  <datafield tag="100" ind1="1" ind2=" ">
    <subfield code="0">(RERO)A003012998</subfield>
    <subfield code="a">Blaser, Werner</subfield>
    <subfield code="4">cre</subfield>
  </datafield>
  <datafield tag="245" ind1="1" ind2="0">
    <subfield code="a">Element - System - Möbel :</subfield>
    <subfield code="b">Wege von der Architektur zum Design /</subfield>
    <subfield code="c">Werner Blaser ; mit einer Einführung von Rudolf Baresel-Bofinger und Beitr. von Hans Gugelot</subfield>
  </datafield>
  <datafield tag="264" ind1=" " ind2="1">
    <subfield code="a">Stuttgart :</subfield>
    <subfield code="b">Deutsche Verlags-Anstalt,</subfield>
    <subfield code="c">[1984]</subfield>
  </datafield>
  <datafield tag="264" ind1=" " ind2="4">
    <subfield code="c">© 1984</subfield>
  </datafield>
  <datafield tag="300" ind1=" " ind2=" ">
    <subfield code="a">159 p. :</subfield>
    <subfield code="b">en majeure partie des ill. en noir et en coul., portr. ;</subfield>
    <subfield code="c">23 x 25 cm</subfield>
  </datafield>
  <datafield tag="336" ind1=" " ind2=" ">
    <subfield code="b">txt</subfield>
    <subfield code="2">rdacontent</subfield>
  </datafield>
  <datafield tag="337" ind1=" " ind2=" ">
    <subfield code="b">n</subfield>
    <subfield code="2">rdamedia</subfield>
  </datafield>
  <datafield tag="338" ind1=" " ind2=" ">
    <subfield code="b">nc</subfield>
    <subfield code="2">rdacarrier</subfield>
  </datafield>
  <datafield tag="600" ind1="1" ind2="7">
    <subfield code="0">(RERO)A010092207</subfield>
    <subfield code="a">Gugelot, Hans</subfield>
    <subfield code="2">rero</subfield>
  </datafield>
  <datafield tag="610" ind1="2" ind2="7">
    <subfield code="0">(RERO)A010083408</subfield>
    <subfield code="a">Firma Wilhelm Bofinger (Stuttgart)</subfield>
    <subfield code="2">rero</subfield>
  </datafield>
  <datafield tag="650" ind1=" " ind2="7">
    <subfield code="0">(RERO)A021019934</subfield>
    <subfield code="a">Architecture intérieure</subfield>
    <subfield code="2">rero</subfield>
  </datafield>
  <datafield tag="650" ind1=" " ind2="7">
    <subfield code="0">(RERO)A022488830</subfield>
    <subfield code="a">20e siècle (2e moitié)</subfield>
    <subfield code="2">rero</subfield>
  </datafield>
  <datafield tag="650" ind1=" " ind2="7">
    <subfield code="0">(RERO)A009960041</subfield>
    <subfield code="a">mobilier</subfield>
    <subfield code="2">rerovoc</subfield>
  </datafield>
  <datafield tag="700" ind1="1" ind2=" ">
    <subfield code="0">(RERO)A003328515</subfield>
    <subfield code="a">Gugelot, Hans</subfield>
  </datafield>
  <datafield tag="919" ind1=" " ind2=" ">
    <subfield code="9">600 17</subfield>
    <subfield code="a">Gugelot, Hans</subfield>
    <subfield code="2">chrero</subfield>
  </datafield>
  <datafield tag="919" ind1=" " ind2=" ">
    <subfield code="9">650 _7</subfield>
    <subfield code="a">architecture intérieure</subfield>
    <subfield code="x">Firma Wilhelm Bofinger (Stuttgart)</subfield>
    <subfield code="y">20e s. (2e moitié)</subfield>
    <subfield code="2">chrero</subfield>
  </datafield>
  <datafield tag="919" ind1=" " ind2=" ">
    <subfield code="9">650 _7</subfield>
    <subfield code="a">mobilier</subfield>
    <subfield code="x">Firma Wilhelm Bofinger (Stuttgart)</subfield>
    <subfield code="y">20e s. (2e moitié)</subfield>
    <subfield code="2">chrero</subfield>
  </datafield>
  <datafield tag="957" ind1=" " ind2=" ">
    <subfield code="a">gevbaa</subfield>
  </datafield>
  <datafield tag="992" ind1=" " ind2=" ">
    <subfield code="a">BAA NB 160</subfield>
    <subfield code="x">ge/vbaa/a/85/258</subfield>
  </datafield>
</record>