
<record>
  <leader>01424nam a2200397 a 4500</leader>
  <controlfield tag="001">vtls002663420</controlfield>
  <controlfield tag="005">20170925213900.0</controlfield>
  <controlfield tag="008">000912s1999    it ||| |  ||||00|  |ita d</controlfield>
  <datafield tag="020" ind1=" " ind2=" ">
    <subfield code="a">9788814076763</subfield>
  </datafield>
  <datafield tag="035" ind1=" " ind2=" ">
    <subfield code="a">R266342060</subfield>
  </datafield>
  <datafield tag="039" ind1=" " ind2=" ">
    <subfield code="b">7504i</subfield>
  </datafield>
  <datafield tag="039" ind1=" " ind2="9">
    <subfield code="a">201709252139</subfield>
    <subfield code="b">VLOAD</subfield>
    <subfield code="c">201706111105</subfield>
    <subfield code="d">VLOAD</subfield>
    <subfield code="c">201701261456</subfield>
    <subfield code="d">7878</subfield>
    <subfield code="c">201701261451</subfield>
    <subfield code="d">7878</subfield>
    <subfield code="y">200009121522</subfield>
    <subfield code="z">VLOAD</subfield>
  </datafield>
  <datafield tag="040" ind1=" " ind2=" ">
    <subfield code="a">RERO geubfd</subfield>
  </datafield>
  <datafield tag="072" ind1=" " ind2="7">
    <subfield code="a">s1dr</subfield>
    <subfield code="2">rero</subfield>
  </datafield>
  <datafield tag="100" ind1="1" ind2=" ">
    <subfield code="0">(RERO)A002967314</subfield>
    <subfield code="a">Baratta, Roberto</subfield>
    <subfield code="4">cre</subfield>
  </datafield>
  <datafield tag="245" ind1="1" ind2="4">
    <subfield code="a">Gli effetti delle riserve ai trattati /</subfield>
    <subfield code="c">Roberto Baratta</subfield>
  </datafield>
  <datafield tag="264" ind1=" " ind2="1">
    <subfield code="a">Milano :</subfield>
    <subfield code="b">A. Giuffrè,</subfield>
    <subfield code="c">1999</subfield>
  </datafield>
  <datafield tag="300" ind1=" " ind2=" ">
    <subfield code="a">IX, 437 p. ;</subfield>
    <subfield code="c">24 cm</subfield>
  </datafield>
  <datafield tag="336" ind1=" " ind2=" ">
    <subfield code="b">txt</subfield>
    <subfield code="2">rdacontent</subfield>
  </datafield>
  <datafield tag="337" ind1=" " ind2=" ">
    <subfield code="b">n</subfield>
    <subfield code="2">rdamedia</subfield>
  </datafield>
  <datafield tag="338" ind1=" " ind2=" ">
    <subfield code="b">nc</subfield>
    <subfield code="2">rdacarrier</subfield>
  </datafield>
  <datafield tag="490" ind1="1" ind2=" ">
    <subfield code="a">Pubblicazioni della facoltà di giurisprudenza / Università di Macerata. 2a serie</subfield>
    <subfield code="v">95</subfield>
  </datafield>
  <datafield tag="500" ind1=" " ind2=" ">
    <subfield code="a">English summary</subfield>
  </datafield>
  <datafield tag="650" ind1=" " ind2="7">
    <subfield code="0">(RERO)A010024178</subfield>
    <subfield code="a">réserve (clause)</subfield>
    <subfield code="2">rerovoc</subfield>
  </datafield>
  <datafield tag="650" ind1=" " ind2="7">
    <subfield code="0">(RERO)A009950160</subfield>
    <subfield code="a">traité international</subfield>
    <subfield code="2">rerovoc</subfield>
  </datafield>
  <datafield tag="830" ind1=" " ind2="0">
    <subfield code="a">Pubblicazioni della Facoltà di giurisprudenza, Università di Macerata</subfield>
    <subfield code="v">95</subfield>
  </datafield>
  <datafield tag="901" ind1=" " ind2=" ">
    <subfield code="a">LAR BFD</subfield>
    <subfield code="b">2001/03</subfield>
    <subfield code="c">09</subfield>
  </datafield>
  <datafield tag="902" ind1=" " ind2=" ">
    <subfield code="a">geubfd</subfield>
    <subfield code="b">2000/03</subfield>
    <subfield code="c">09</subfield>
  </datafield>
  <datafield tag="902" ind1=" " ind2=" ">
    <subfield code="a">geheid</subfield>
    <subfield code="b">2017/01</subfield>
    <subfield code="c">341</subfield>
  </datafield>
  <datafield tag="919" ind1=" " ind2=" ">
    <subfield code="9">650 _7</subfield>
    <subfield code="a">réserve (clause)</subfield>
    <subfield code="x">traité international</subfield>
    <subfield code="2">chrero</subfield>
  </datafield>
  <datafield tag="956" ind1=" " ind2=" ">
    <subfield code="a">frbcuc</subfield>
  </datafield>
  <datafield tag="957" ind1=" " ind2=" ">
    <subfield code="a">geheid geubfd</subfield>
  </datafield>
  <datafield tag="980" ind1=" " ind2=" ">
    <subfield code="2">dr-sys</subfield>
    <subfield code="a">D 15 h</subfield>
  </datafield>
  <datafield tag="982" ind1=" " ind2=" ">
    <subfield code="2">dr-geubfd</subfield>
    <subfield code="a">D 15 h BARA 1999</subfield>
  </datafield>
  <datafield tag="982" ind1=" " ind2=" ">
    <subfield code="2">heid</subfield>
    <subfield code="a">341.24</subfield>
  </datafield>
  <datafield tag="982" ind1=" " ind2=" ">
    <subfield code="2">ge-heid</subfield>
    <subfield code="a">341.24 HEIA 116278</subfield>
  </datafield>
</record>