
<record>
  <leader>01243nam a2200313 a 4500</leader>
  <controlfield tag="001">vtls008088815</controlfield>
  <controlfield tag="005">20190823144200.0</controlfield>
  <controlfield tag="007">c|</controlfield>
  <controlfield tag="008">150309s2004    sp ||| || ||||00| ||spa d</controlfield>
  <datafield tag="020" ind1=" " ind2=" ">
    <subfield code="a">9788488252487</subfield>
  </datafield>
  <datafield tag="024" ind1="2" ind2=" ">
    <subfield code="a">NIPO 503-04-004-2</subfield>
    <subfield code="2">nipo</subfield>
  </datafield>
  <datafield tag="035" ind1=" " ind2=" ">
    <subfield code="a">R008088815</subfield>
  </datafield>
  <datafield tag="039" ind1=" " ind2="9">
    <subfield code="a">201908231442</subfield>
    <subfield code="b">AUTHORITY</subfield>
    <subfield code="c">201705200915</subfield>
    <subfield code="d">VLOAD</subfield>
    <subfield code="c">201507091404</subfield>
    <subfield code="d">VLOAD</subfield>
    <subfield code="y">201503090810</subfield>
    <subfield code="z">4301</subfield>
  </datafield>
  <datafield tag="040" ind1=" " ind2=" ">
    <subfield code="a">SpMaBN</subfield>
    <subfield code="d">RERO neubfl</subfield>
  </datafield>
  <datafield tag="072" ind1=" " ind2="7">
    <subfield code="a">s1es</subfield>
    <subfield code="2">rero</subfield>
  </datafield>
  <datafield tag="080" ind1=" " ind2=" ">
    <subfield code="a">811.134.2(063)</subfield>
  </datafield>
  <datafield tag="080" ind1=" " ind2=" ">
    <subfield code="a">821.134.2.09(063)</subfield>
  </datafield>
  <datafield tag="245" ind1="0" ind2="0">
    <subfield code="a">Actas de los congresos de la Asociación Internacional de Hispanistas</subfield>
    <subfield code="h">[Ressource électronique] /</subfield>
    <subfield code="c">edición dirigida por Aurora Egido y César Antonio Molina</subfield>
  </datafield>
  <datafield tag="264" ind1=" " ind2="1">
    <subfield code="a">[Alcalá de Henares (Madrid)] :</subfield>
    <subfield code="b">Instituto Cervantes,</subfield>
    <subfield code="c">[2004]</subfield>
  </datafield>
  <datafield tag="300" ind1=" " ind2=" ">
    <subfield code="a">1 disco (CD-ROM) ;</subfield>
    <subfield code="c">12 cm</subfield>
    <subfield code="e">2 dípticos</subfield>
  </datafield>
  <datafield tag="500" ind1=" " ind2=" ">
    <subfield code="a">&quot;Actas I-X (Oxford, 1962, Barcelona, 1989)&quot;--Etiqueta</subfield>
  </datafield>
  <datafield tag="500" ind1=" " ind2=" ">
    <subfield code="a">Adobe Reader 6.0</subfield>
  </datafield>
  <datafield tag="500" ind1=" " ind2=" ">
    <subfield code="a">Tít. tomado de la pantalla del título</subfield>
  </datafield>
  <datafield tag="700" ind1="1" ind2=" ">
    <subfield code="0">(RERO)A003210356</subfield>
    <subfield code="a">Egido, Aurora</subfield>
  </datafield>
  <datafield tag="700" ind1="1" ind2=" ">
    <subfield code="0">(RERO)A003602104</subfield>
    <subfield code="a">Molina, César Antonio</subfield>
  </datafield>
  <datafield tag="710" ind1="2" ind2=" ">
    <subfield code="0">(RERO)A002943104</subfield>
    <subfield code="a">Asociación internacional de hispanistas</subfield>
  </datafield>
  <datafield tag="900" ind1=" " ind2="1">
    <subfield code="a">BNE</subfield>
    <subfield code="b">20150309</subfield>
  </datafield>
  <datafield tag="919" ind1=" " ind2=" ">
    <subfield code="a">Filología española</subfield>
    <subfield code="v">Congresos y asambleas</subfield>
    <subfield code="2">embne</subfield>
  </datafield>
  <datafield tag="962" ind1=" " ind2=" ">
    <subfield code="a">neubfl</subfield>
  </datafield>
</record>