
<record>
  <leader>01309nam a2200349 a 4500</leader>
  <controlfield tag="001">vtls002664024</controlfield>
  <controlfield tag="005">20180828105700.0</controlfield>
  <controlfield tag="008">000912s1997    sw ||| |  ||||00|  |eng d</controlfield>
  <datafield tag="020" ind1=" " ind2=" ">
    <subfield code="a">9789514578571</subfield>
  </datafield>
  <datafield tag="035" ind1=" " ind2=" ">
    <subfield code="a">R266402460</subfield>
  </datafield>
  <datafield tag="039" ind1=" " ind2=" ">
    <subfield code="b">6304i</subfield>
  </datafield>
  <datafield tag="039" ind1=" " ind2="9">
    <subfield code="a">201808281057</subfield>
    <subfield code="b">VLOAD</subfield>
    <subfield code="c">201706111106</subfield>
    <subfield code="d">VLOAD</subfield>
    <subfield code="c">200812220528</subfield>
    <subfield code="d">VLOAD</subfield>
    <subfield code="c">200406160547</subfield>
    <subfield code="d">VLOAD</subfield>
    <subfield code="y">200009121535</subfield>
    <subfield code="z">VLOAD</subfield>
  </datafield>
  <datafield tag="040" ind1=" " ind2=" ">
    <subfield code="a">RERO gevcjb</subfield>
  </datafield>
  <datafield tag="072" ind1=" " ind2="7">
    <subfield code="a">s1bo</subfield>
    <subfield code="2">rero</subfield>
  </datafield>
  <datafield tag="100" ind1="1" ind2=" ">
    <subfield code="0">(RERO)A005913787</subfield>
    <subfield code="a">Ahola, Tero</subfield>
    <subfield code="4">cre</subfield>
  </datafield>
  <datafield tag="245" ind1="1" ind2="0">
    <subfield code="a">Semliki forest virus RNA capping enzyme /</subfield>
    <subfield code="c">Tero Ahola</subfield>
  </datafield>
  <datafield tag="264" ind1=" " ind2="1">
    <subfield code="a">Helsinki :</subfield>
    <subfield code="b">University of Helsinky - Institute of Biotechnology,</subfield>
    <subfield code="c">1997</subfield>
  </datafield>
  <datafield tag="300" ind1=" " ind2=" ">
    <subfield code="a">58, [22] p. :</subfield>
    <subfield code="b">ill. ;</subfield>
    <subfield code="c">25 cm</subfield>
  </datafield>
  <datafield tag="336" ind1=" " ind2=" ">
    <subfield code="b">txt</subfield>
    <subfield code="2">rdacontent</subfield>
  </datafield>
  <datafield tag="337" ind1=" " ind2=" ">
    <subfield code="b">n</subfield>
    <subfield code="2">rdamedia</subfield>
  </datafield>
  <datafield tag="338" ind1=" " ind2=" ">
    <subfield code="b">nc</subfield>
    <subfield code="2">rdacarrier</subfield>
  </datafield>
  <datafield tag="490" ind1="1" ind2=" ">
    <subfield code="a">Dissertationes biocentri viikki universitatis helsingiensis</subfield>
    <subfield code="v">9/1997</subfield>
  </datafield>
  <datafield tag="502" ind1=" " ind2=" ">
    <subfield code="a">Acad. diss. Microbiol. Helsinki, 1997</subfield>
  </datafield>
  <datafield tag="650" ind1=" " ind2="7">
    <subfield code="0">(RERO)A021003870</subfield>
    <subfield code="a">Chimie organique</subfield>
    <subfield code="2">rero</subfield>
  </datafield>
  <datafield tag="650" ind1=" " ind2="7">
    <subfield code="0">(RERO)A021100971</subfield>
    <subfield code="a">Virus</subfield>
    <subfield code="2">rero</subfield>
  </datafield>
  <datafield tag="650" ind1=" " ind2="7">
    <subfield code="0">(RERO)A021001426</subfield>
    <subfield code="a">Forêts</subfield>
    <subfield code="2">rero</subfield>
  </datafield>
  <datafield tag="830" ind1=" " ind2="0">
    <subfield code="a">Dissertationes biocentri viikki universitatis helsingiensis</subfield>
    <subfield code="v">9/1997</subfield>
  </datafield>
  <datafield tag="902" ind1=" " ind2=" ">
    <subfield code="a">gevcjb</subfield>
    <subfield code="b">2000/03</subfield>
  </datafield>
  <datafield tag="919" ind1=" " ind2=" ">
    <subfield code="9">650 _7</subfield>
    <subfield code="a">chimie organique</subfield>
    <subfield code="x">forêt</subfield>
    <subfield code="x">virus</subfield>
    <subfield code="2">chrero</subfield>
  </datafield>
  <datafield tag="957" ind1=" " ind2=" ">
    <subfield code="a">gevcjb</subfield>
  </datafield>
  <datafield tag="982" ind1=" " ind2=" ">
    <subfield code="2">cdu-gevcjb</subfield>
    <subfield code="a">632.3 Aho</subfield>
  </datafield>
  <datafield tag="992" ind1=" " ind2=" ">
    <subfield code="a">BOTA 11826/9</subfield>
    <subfield code="x">ge/vcjb/d/98/168</subfield>
  </datafield>
</record>