
<record>
  <leader>01152naa a2200289 a 4500</leader>
  <controlfield tag="001">vtls002224725</controlfield>
  <controlfield tag="005">20180701223700.0</controlfield>
  <controlfield tag="008">971202q19351936sz ||| |  ||||00|  |ita d</controlfield>
  <datafield tag="019" ind1=" " ind2=" ">
    <subfield code="a">Catalogato a partire dalla copertina</subfield>
    <subfield code="9">tibrlm/12.1997</subfield>
  </datafield>
  <datafield tag="035" ind1=" " ind2=" ">
    <subfield code="a">R222472560</subfield>
  </datafield>
  <datafield tag="039" ind1=" " ind2=" ">
    <subfield code="b">2201i</subfield>
  </datafield>
  <datafield tag="039" ind1=" " ind2="9">
    <subfield code="a">201807012237</subfield>
    <subfield code="b">VLOAD</subfield>
    <subfield code="c">201706102059</subfield>
    <subfield code="d">VLOAD</subfield>
    <subfield code="c">200407050127</subfield>
    <subfield code="d">VLOAD</subfield>
    <subfield code="y">1999030120100000</subfield>
    <subfield code="z">load0022</subfield>
  </datafield>
  <datafield tag="040" ind1=" " ind2=" ">
    <subfield code="a">RERO tibrlm</subfield>
  </datafield>
  <datafield tag="044" ind1=" " ind2=" ">
    <subfield code="a">sz</subfield>
    <subfield code="c">ch-ti</subfield>
  </datafield>
  <datafield tag="072" ind1=" " ind2="7">
    <subfield code="a">s1bo</subfield>
    <subfield code="2">rero</subfield>
  </datafield>
  <datafield tag="100" ind1="1" ind2=" ">
    <subfield code="0">(RERO)A003801127</subfield>
    <subfield code="a">Schmidt, Willy</subfield>
    <subfield code="4">cre</subfield>
  </datafield>
  <datafield tag="245" ind1="1" ind2="0">
    <subfield code="a">Esperienze sull&apos;acclimazione dell&apos;eucalipto nel Cantone Ticino /</subfield>
    <subfield code="c">Willy Schmidt</subfield>
  </datafield>
  <datafield tag="264" ind1=" " ind2="1">
    <subfield code="a">Locarno :</subfield>
    <subfield code="b">Tip. Pedrazzini,</subfield>
    <subfield code="c">[1936?]</subfield>
  </datafield>
  <datafield tag="300" ind1=" " ind2=" ">
    <subfield code="a">6 p., [1] f. di tav. :</subfield>
    <subfield code="b">ill. ;</subfield>
    <subfield code="c">24 cm</subfield>
  </datafield>
  <datafield tag="336" ind1=" " ind2=" ">
    <subfield code="b">txt</subfield>
    <subfield code="2">rdacontent</subfield>
  </datafield>
  <datafield tag="337" ind1=" " ind2=" ">
    <subfield code="b">n</subfield>
    <subfield code="2">rdamedia</subfield>
  </datafield>
  <datafield tag="338" ind1=" " ind2=" ">
    <subfield code="b">nc</subfield>
    <subfield code="2">rdacarrier</subfield>
  </datafield>
  <datafield tag="580" ind1=" " ind2=" ">
    <subfield code="a">Estr. di: Bollettino della Società ticinese di scienze naturali. - Lugano. - 1935-36</subfield>
  </datafield>
  <datafield tag="650" ind1=" " ind2="7">
    <subfield code="0">(RERO)A021012074</subfield>
    <subfield code="a">Eucalyptus</subfield>
    <subfield code="2">rero</subfield>
  </datafield>
  <datafield tag="651" ind1=" " ind2="7">
    <subfield code="0">(RERO)A009994971</subfield>
    <subfield code="a">Ticino (Suisse, canton)</subfield>
    <subfield code="2">rero</subfield>
  </datafield>
  <datafield tag="773" ind1="1" ind2=" ">
    <subfield code="t">Bollettino della Società ticinese di scienze naturali</subfield>
    <subfield code="g">1935-36</subfield>
  </datafield>
  <datafield tag="919" ind1=" " ind2=" ">
    <subfield code="9">650 _7</subfield>
    <subfield code="a">eucalyptus</subfield>
    <subfield code="z">Ticino (Suisse, canton)</subfield>
    <subfield code="2">chrero</subfield>
  </datafield>
</record>