
<record>
  <leader>02117ncm a2200433 a 4500</leader>
  <controlfield tag="001">vtls002633528</controlfield>
  <controlfield tag="005">20180828210100.0</controlfield>
  <controlfield tag="008">000908s1955    gw |||||| |||||||  |ger d</controlfield>
  <datafield tag="028" ind1="3" ind2="2">
    <subfield code="a">EP 3335a</subfield>
  </datafield>
  <datafield tag="028" ind1="2" ind2="2">
    <subfield code="a">10041</subfield>
  </datafield>
  <datafield tag="035" ind1=" " ind2=" ">
    <subfield code="a">R263352860</subfield>
  </datafield>
  <datafield tag="039" ind1=" " ind2=" ">
    <subfield code="b">6701i</subfield>
  </datafield>
  <datafield tag="039" ind1=" " ind2="9">
    <subfield code="a">201808282101</subfield>
    <subfield code="b">VLOAD</subfield>
    <subfield code="c">201705180911</subfield>
    <subfield code="d">VLOAD</subfield>
    <subfield code="c">201605141103</subfield>
    <subfield code="d">VLOAD</subfield>
    <subfield code="c">201302221009</subfield>
    <subfield code="d">0601</subfield>
    <subfield code="y">200009080258</subfield>
    <subfield code="z">VLOAD</subfield>
  </datafield>
  <datafield tag="040" ind1=" " ind2=" ">
    <subfield code="a">RERO gevbmu</subfield>
  </datafield>
  <datafield tag="072" ind1=" " ind2="7">
    <subfield code="a">s1mu</subfield>
    <subfield code="2">rero</subfield>
  </datafield>
  <datafield tag="100" ind1="1" ind2=" ">
    <subfield code="0">(RERO)A000015097</subfield>
    <subfield code="a">Bach, Johann Sebastian</subfield>
    <subfield code="4">cre</subfield>
  </datafield>
  <datafield tag="245" ind1="1" ind2="0">
    <subfield code="a">Fünfzehn Arien aus Kantaten für Sopran /</subfield>
    <subfield code="c">Joh. Seb. Bach ; ausgewählt von Karl Straube ; hrsg. von Max Schneider</subfield>
  </datafield>
  <datafield tag="264" ind1=" " ind2="1">
    <subfield code="a">Frankfurt [etc.] :</subfield>
    <subfield code="b">C.F. Peters,</subfield>
    <subfield code="c">[1955]</subfield>
  </datafield>
  <datafield tag="264" ind1=" " ind2="4">
    <subfield code="c">© 1955</subfield>
  </datafield>
  <datafield tag="300" ind1=" " ind2=" ">
    <subfield code="a">1 réduction (96 p.) ;</subfield>
    <subfield code="c">27 cm</subfield>
  </datafield>
  <datafield tag="336" ind1=" " ind2=" ">
    <subfield code="b">ntm</subfield>
    <subfield code="2">rdacontent</subfield>
  </datafield>
  <datafield tag="337" ind1=" " ind2=" ">
    <subfield code="b">n</subfield>
    <subfield code="2">rdamedia</subfield>
  </datafield>
  <datafield tag="338" ind1=" " ind2=" ">
    <subfield code="b">nc</subfield>
    <subfield code="2">rdacarrier</subfield>
  </datafield>
  <datafield tag="505" ind1="0" ind2=" ">
    <subfield code="a">Auch mit gedämpften, schwachen (BWV 36) ; Lass uns o höchster Gott (BWV 41) ; Es ist und bleibt der Christen Trost (BWV 44) ; Mein Jesus will es tun (BWV 72) ; Meinen Hirten bleib ich treu (BWV 92) ; Hört, ihr Augen, auf zu weinen (BWV 98) ; Heil und Segen soll und muss zu aller (BWV 120) ; Die Seele ruht in Jesu Händen (BWV 127)</subfield>
  </datafield>
  <datafield tag="505" ind1="0" ind2=" ">
    <subfield code="a">Wie lieblich klingt es in den Ohren (BWV 133) ; Ich säe meine Zähren mit bangem Herzen (BWV 146) ; Gottes Engel weichen nie (BWV 149) ; Süsser Trost, mein Jesus kömmt (BWV 151) ; Stein, der über alla Schätze (BWV 152) ; Jesus soll mein erstes Wort (BWV 171) ; Die Ärmen will der Herr umarmen (BWV 186)</subfield>
  </datafield>
  <datafield tag="700" ind1="1" ind2=" ">
    <subfield code="0">(RERO)A003868996</subfield>
    <subfield code="a">Straube, Karl</subfield>
  </datafield>
  <datafield tag="700" ind1="1" ind2=" ">
    <subfield code="0">(RERO)A012323210</subfield>
    <subfield code="a">Schneider, Max,</subfield>
    <subfield code="d">1875-1967</subfield>
  </datafield>
  <datafield tag="700" ind1="1" ind2="2">
    <subfield code="a">Bach, Johann Sebastian. -</subfield>
    <subfield code="t">Cantates</subfield>
    <subfield code="h">[Musique imprimée].</subfield>
    <subfield code="k">Extraits.</subfield>
    <subfield code="o">Réduction</subfield>
  </datafield>
  <datafield tag="901" ind1=" " ind2=" ">
    <subfield code="a">LAR COF</subfield>
    <subfield code="b">2004/07</subfield>
  </datafield>
  <datafield tag="956" ind1=" " ind2=" ">
    <subfield code="a">frvcof</subfield>
  </datafield>
  <datafield tag="957" ind1=" " ind2=" ">
    <subfield code="a">gevbmu</subfield>
  </datafield>
  <datafield tag="962" ind1=" " ind2=" ">
    <subfield code="a">neccm-</subfield>
  </datafield>
  <datafield tag="980" ind1=" " ind2=" ">
    <subfield code="2">musg</subfield>
    <subfield code="a">Air de cantate</subfield>
    <subfield code="d">voix (1S), basse continue</subfield>
    <subfield code="e">1701-1750</subfield>
  </datafield>
  <datafield tag="980" ind1=" " ind2=" ">
    <subfield code="2">musi</subfield>
    <subfield code="a">voix (1S), piano (adaptation)</subfield>
  </datafield>
  <datafield tag="981" ind1=" " ind2=" ">
    <subfield code="2">COFP</subfield>
    <subfield code="a">Va-B</subfield>
  </datafield>
  <datafield tag="982" ind1=" " ind2=" ">
    <subfield code="2">pcdm-sys</subfield>
    <subfield code="a">3.4 - 2</subfield>
  </datafield>
  <datafield tag="982" ind1=" " ind2=" ">
    <subfield code="2">pcdm</subfield>
    <subfield code="a">3.4 BACH 2</subfield>
  </datafield>
  <datafield tag="984" ind1=" " ind2=" ">
    <subfield code="2">cdu-neccm</subfield>
    <subfield code="a">(09)783.11:786BAC3Air</subfield>
  </datafield>
  <datafield tag="992" ind1=" " ind2=" ">
    <subfield code="a">BMU MV 3032</subfield>
    <subfield code="x">ge/vbmu/a/96/642</subfield>
  </datafield>
</record>