
<record>
  <leader>01670cam a2200421 a 4500</leader>
  <controlfield tag="001">vtls006077325</controlfield>
  <controlfield tag="005">20170530150200.0</controlfield>
  <controlfield tag="008">110616s2003    cc ||| |  ||||00|  |chi d</controlfield>
  <datafield tag="020" ind1=" " ind2=" ">
    <subfield code="a">9787801651273</subfield>
  </datafield>
  <datafield tag="035" ind1=" " ind2=" ">
    <subfield code="a">R006077325</subfield>
  </datafield>
  <datafield tag="039" ind1=" " ind2="9">
    <subfield code="a">201705301502</subfield>
    <subfield code="b">VLOAD</subfield>
    <subfield code="c">201502081155</subfield>
    <subfield code="d">VLOAD</subfield>
    <subfield code="y">201106161147</subfield>
    <subfield code="z">8702</subfield>
  </datafield>
  <datafield tag="040" ind1=" " ind2=" ">
    <subfield code="a">HNK</subfield>
    <subfield code="d">DLC-R</subfield>
    <subfield code="d">DLC</subfield>
    <subfield code="d">RERO ifisdc</subfield>
  </datafield>
  <datafield tag="050" ind1=" " ind2="0">
    <subfield code="a">HD926</subfield>
    <subfield code="b">.Y358 2003</subfield>
  </datafield>
  <datafield tag="072" ind1=" " ind2="7">
    <subfield code="a">s1dr</subfield>
    <subfield code="2">rero</subfield>
  </datafield>
  <datafield tag="100" ind1="1" ind2=" ">
    <subfield code="0">(RERO)A018871003</subfield>
    <subfield code="6">880-01</subfield>
    <subfield code="a">Yang, Yijie</subfield>
    <subfield code="4">cre</subfield>
  </datafield>
  <datafield tag="245" ind1="1" ind2="0">
    <subfield code="6">880-02</subfield>
    <subfield code="a">Zhongguo nong di quan ji ben wen ti :</subfield>
    <subfield code="b">Zhongguo ji ti nong di quan li ti xi de xing cheng yu kuo zhan /</subfield>
    <subfield code="c">Yang Yijie zhu</subfield>
  </datafield>
  <datafield tag="246" ind1="3" ind2=" ">
    <subfield code="a">Zhongguo  nongdiquan jiben wenti : Zhongguo jiti nongdi quanli tixi de xingcheng yu kuozhan</subfield>
  </datafield>
  <datafield tag="250" ind1=" " ind2=" ">
    <subfield code="6">880-03</subfield>
    <subfield code="a">Di 1 ban</subfield>
  </datafield>
  <datafield tag="264" ind1=" " ind2="1">
    <subfield code="6">880-04</subfield>
    <subfield code="a">Beijing Shi :</subfield>
    <subfield code="b">Zhongguo hai guan chu ban she,</subfield>
    <subfield code="c">2003</subfield>
  </datafield>
  <datafield tag="300" ind1=" " ind2=" ">
    <subfield code="a">4, 198 p. ;</subfield>
    <subfield code="c">22 cm.</subfield>
  </datafield>
  <datafield tag="336" ind1=" " ind2=" ">
    <subfield code="b">txt</subfield>
    <subfield code="2">rdacontent</subfield>
  </datafield>
  <datafield tag="337" ind1=" " ind2=" ">
    <subfield code="b">n</subfield>
    <subfield code="2">rdamedia</subfield>
  </datafield>
  <datafield tag="338" ind1=" " ind2=" ">
    <subfield code="b">nc</subfield>
    <subfield code="2">rdacarrier</subfield>
  </datafield>
  <datafield tag="500" ind1=" " ind2=" ">
    <subfield code="a">Revision of the author&apos;s thesis (doctoral)</subfield>
  </datafield>
  <datafield tag="504" ind1=" " ind2=" ">
    <subfield code="a">Includes bibliographical references.</subfield>
  </datafield>
  <datafield tag="650" ind1=" " ind2="0">
    <subfield code="a">Collectivization of agriculture</subfield>
    <subfield code="z">China</subfield>
  </datafield>
  <datafield tag="650" ind1=" " ind2="0">
    <subfield code="a">Land reform</subfield>
    <subfield code="z">China</subfield>
  </datafield>
  <datafield tag="650" ind1=" " ind2="0">
    <subfield code="a">Land tenure</subfield>
    <subfield code="z">China</subfield>
  </datafield>
  <datafield tag="650" ind1=" " ind2="0">
    <subfield code="a">Land use, Rural</subfield>
    <subfield code="x">Law and legislation</subfield>
    <subfield code="z">China</subfield>
  </datafield>
  <datafield tag="880" ind1=" " ind2=" ">
    <subfield code="6">250-03/ $1</subfield>
    <subfield code="a">第1版</subfield>
  </datafield>
  <datafield tag="880" ind1="0" ind2=" ">
    <subfield code="6">100-01/ $1</subfield>
    <subfield code="a">杨一介</subfield>
  </datafield>
  <datafield tag="880" ind1="1" ind2="0">
    <subfield code="6">245-02/ $1</subfield>
    <subfield code="a">中国农地权基本问题 :</subfield>
    <subfield code="b">中国集体农地权利体系的形成与扩展 /</subfield>
    <subfield code="c">杨一介著</subfield>
  </datafield>
  <datafield tag="880" ind1=" " ind2="1">
    <subfield code="6">264-04/$1</subfield>
    <subfield code="a">北京市 :</subfield>
    <subfield code="b">中國海關出版社,</subfield>
    <subfield code="c">2003</subfield>
  </datafield>
  <datafield tag="900" ind1=" " ind2="1">
    <subfield code="a">LOC</subfield>
    <subfield code="b">20110616</subfield>
    <subfield code="c">Droits réservés</subfield>
  </datafield>
  <datafield tag="903" ind1=" " ind2=" ">
    <subfield code="a">nwisdc</subfield>
    <subfield code="b">1106</subfield>
  </datafield>
  <datafield tag="953" ind1=" " ind2=" ">
    <subfield code="a">ifisdc</subfield>
  </datafield>
  <datafield tag="980" ind1=" " ind2=" ">
    <subfield code="2">dr-sys</subfield>
    <subfield code="a">CE/RPC 70.2 h</subfield>
  </datafield>
  <datafield tag="983" ind1=" " ind2=" ">
    <subfield code="2">isdc</subfield>
    <subfield code="a">CE/RPC 70.2 h YANG 2003</subfield>
  </datafield>
</record>