
<record>
  <leader>01196nam a2200337 a 4500</leader>
  <controlfield tag="001">vtls007124426</controlfield>
  <controlfield tag="005">20170531191500.0</controlfield>
  <controlfield tag="008">120820s2012    fr ||| |  ||||00|  |fre d</controlfield>
  <datafield tag="024" ind1="8" ind2=" ">
    <subfield code="a">ELC1283925</subfield>
  </datafield>
  <datafield tag="035" ind1=" " ind2=" ">
    <subfield code="a">R007124426</subfield>
  </datafield>
  <datafield tag="039" ind1=" " ind2="9">
    <subfield code="a">201705311915</subfield>
    <subfield code="b">VLOAD</subfield>
    <subfield code="c">201502081254</subfield>
    <subfield code="d">VLOAD</subfield>
    <subfield code="y">201208201131</subfield>
    <subfield code="z">4988</subfield>
  </datafield>
  <datafield tag="040" ind1=" " ind2=" ">
    <subfield code="a">FRMCM</subfield>
    <subfield code="d">RERO jubmda</subfield>
  </datafield>
  <datafield tag="072" ind1=" " ind2="7">
    <subfield code="a">s1gr</subfield>
    <subfield code="2">rero</subfield>
  </datafield>
  <datafield tag="082" ind1="1" ind2="4">
    <subfield code="a">201.3</subfield>
  </datafield>
  <datafield tag="100" ind1="1" ind2=" ">
    <subfield code="0">(RERO)A021920422</subfield>
    <subfield code="a">Angelidou, Maria</subfield>
    <subfield code="4">cre</subfield>
  </datafield>
  <datafield tag="245" ind1="1" ind2="4">
    <subfield code="a">Les 21 grands mythes grecs /</subfield>
    <subfield code="c">Maria Angélidou ; adapt. Emmanuèle Blanc ; ill. Svetlin Vasilev</subfield>
  </datafield>
  <datafield tag="264" ind1=" " ind2="1">
    <subfield code="a">Paris :</subfield>
    <subfield code="b">Ed. Pascal,</subfield>
    <subfield code="c">2012</subfield>
  </datafield>
  <datafield tag="300" ind1=" " ind2=" ">
    <subfield code="a">1 vol. (144 p.) :</subfield>
    <subfield code="b">illustrations en couleur ;</subfield>
    <subfield code="c">24 x 16 cm.</subfield>
  </datafield>
  <datafield tag="336" ind1=" " ind2=" ">
    <subfield code="b">txt</subfield>
    <subfield code="2">rdacontent</subfield>
  </datafield>
  <datafield tag="337" ind1=" " ind2=" ">
    <subfield code="b">n</subfield>
    <subfield code="2">rdamedia</subfield>
  </datafield>
  <datafield tag="338" ind1=" " ind2=" ">
    <subfield code="b">nc</subfield>
    <subfield code="2">rdacarrier</subfield>
  </datafield>
  <datafield tag="700" ind1="1" ind2=" ">
    <subfield code="0">(RERO)A017781299</subfield>
    <subfield code="a">Blanc, Emmanuèle</subfield>
  </datafield>
  <datafield tag="700" ind1="1" ind2=" ">
    <subfield code="0">(RERO)A017781298</subfield>
    <subfield code="a">Vasilev, Svetlin</subfield>
  </datafield>
  <datafield tag="856" ind1="4" ind2=" ">
    <subfield code="u">http://www.electre.com//GetBlob.ashx?Ean=9782350191034,0-1283925&amp;Size=Original</subfield>
  </datafield>
  <datafield tag="900" ind1=" " ind2="1">
    <subfield code="a">OCoLC</subfield>
    <subfield code="b">20120820</subfield>
    <subfield code="c">Droits réservés</subfield>
  </datafield>
  <datafield tag="904" ind1=" " ind2=" ">
    <subfield code="a">jubmdana</subfield>
    <subfield code="b">2012/08</subfield>
    <subfield code="c">12</subfield>
  </datafield>
  <datafield tag="919" ind1=" " ind2=" ">
    <subfield code="a">Mythologie grecque</subfield>
    <subfield code="x">Ouvrages pour la jeunesse</subfield>
  </datafield>
  <datafield tag="960" ind1=" " ind2=" ">
    <subfield code="a">jubmda</subfield>
  </datafield>
  <datafield tag="984" ind1=" " ind2=" ">
    <subfield code="2">jubmd</subfield>
    <subfield code="a">292</subfield>
  </datafield>
  <datafield tag="984" ind1=" " ind2=" ">
    <subfield code="2">jubmd</subfield>
    <subfield code="a">GRECE ANTIQUE</subfield>
  </datafield>
  <datafield tag="984" ind1=" " ind2=" ">
    <subfield code="2">jubmd</subfield>
    <subfield code="a">MYTHOLOGIE</subfield>
  </datafield>
</record>