
<record>
  <leader>01626ngm a2200385 a 4500</leader>
  <controlfield tag="001">vtls001393517</controlfield>
  <controlfield tag="005">20180701143500.0</controlfield>
  <controlfield tag="007">v|</controlfield>
  <controlfield tag="008">920512s1990    sz ||| || ||||  |  |fre d</controlfield>
  <datafield tag="028" ind1="4" ind2="2">
    <subfield code="a">No 90747</subfield>
  </datafield>
  <datafield tag="035" ind1=" " ind2=" ">
    <subfield code="a">1525450</subfield>
  </datafield>
  <datafield tag="039" ind1=" " ind2="9">
    <subfield code="a">201807011435</subfield>
    <subfield code="b">VLOAD</subfield>
    <subfield code="c">201710201154</subfield>
    <subfield code="d">AUTHORITY</subfield>
    <subfield code="c">201706102200</subfield>
    <subfield code="d">VLOAD</subfield>
    <subfield code="c">201307171737</subfield>
    <subfield code="d">VLOAD</subfield>
    <subfield code="y">1999022821390000</subfield>
    <subfield code="z">load</subfield>
  </datafield>
  <datafield tag="040" ind1=" " ind2=" ">
    <subfield code="a">RERO nebpun</subfield>
  </datafield>
  <datafield tag="044" ind1=" " ind2=" ">
    <subfield code="a">sz</subfield>
    <subfield code="c">ch-ne</subfield>
  </datafield>
  <datafield tag="072" ind1=" " ind2="7">
    <subfield code="a">s1go</subfield>
    <subfield code="2">rero</subfield>
  </datafield>
  <datafield tag="245" ind1="0" ind2="0">
    <subfield code="a">Concerto pour une ville :</subfield>
    <subfield code="b">un film musical sur la ville de Neuchâtel /</subfield>
    <subfield code="c">réal. [par] André Vallana</subfield>
  </datafield>
  <datafield tag="264" ind1=" " ind2="1">
    <subfield code="a">Cortaillod :</subfield>
    <subfield code="b">Canal Alpha + [prod.],</subfield>
    <subfield code="c">[1990]</subfield>
  </datafield>
  <datafield tag="264" ind1=" " ind2="4">
    <subfield code="c">© 1990</subfield>
  </datafield>
  <datafield tag="300" ind1=" " ind2=" ">
    <subfield code="a">1 VIDEOCASSETTE [VHS] (56 min) :</subfield>
    <subfield code="b">coul. PAL, son</subfield>
  </datafield>
  <datafield tag="336" ind1=" " ind2=" ">
    <subfield code="b">tdi</subfield>
    <subfield code="2">rdacontent</subfield>
  </datafield>
  <datafield tag="337" ind1=" " ind2=" ">
    <subfield code="b">v</subfield>
    <subfield code="2">rdamedia</subfield>
  </datafield>
  <datafield tag="338" ind1=" " ind2=" ">
    <subfield code="b">vf</subfield>
    <subfield code="2">rdacarrier</subfield>
  </datafield>
  <datafield tag="511" ind1="0" ind2=" ">
    <subfield code="a">Interpr.: Orchestre de chambre de Neuchâtel sous la dir. de Jan Dobrzelewski, Guy Bovet, André Vallana ; [avec] Jean-Pierre Jelmini, Jean-Pierre Authier, Yann Richter ... [et al.]</subfield>
  </datafield>
  <datafield tag="520" ind1="8" ind2=" ">
    <subfield code="a">Analyse: Survol de la ville par l&apos;image et les commentaires de quelques-unes de ses personnalités.</subfield>
    <subfield code="9">03.06.1991/nexcfo/afx</subfield>
  </datafield>
  <datafield tag="651" ind1=" " ind2="7">
    <subfield code="0">(RERO)A010123084</subfield>
    <subfield code="a">Neuchâtel (Suisse, ville)</subfield>
    <subfield code="2">rero</subfield>
  </datafield>
  <datafield tag="655" ind1=" " ind2="7">
    <subfield code="0">(RERO)A009950066</subfield>
    <subfield code="a">[enregistrement vidéo]</subfield>
    <subfield code="2">rerovoc</subfield>
  </datafield>
  <datafield tag="700" ind1="1" ind2=" ">
    <subfield code="0">(RERO)A003925829</subfield>
    <subfield code="a">Vallana, André</subfield>
  </datafield>
  <datafield tag="700" ind1="1" ind2=" ">
    <subfield code="0">(RERO)A003033988</subfield>
    <subfield code="a">Bovet, Guy</subfield>
  </datafield>
  <datafield tag="710" ind1="2" ind2=" ">
    <subfield code="0">(RERO)A000125125</subfield>
    <subfield code="a">Orchestre de chambre de Neuchâtel</subfield>
  </datafield>
  <datafield tag="904" ind1=" " ind2=" ">
    <subfield code="a">neoco</subfield>
  </datafield>
  <datafield tag="904" ind1=" " ind2=" ">
    <subfield code="a">neaut</subfield>
  </datafield>
  <datafield tag="904" ind1=" " ind2=" ">
    <subfield code="a">nedit</subfield>
  </datafield>
  <datafield tag="919" ind1=" " ind2=" ">
    <subfield code="9">651 _7</subfield>
    <subfield code="a">Neuchâtel (Suisse, ville)</subfield>
    <subfield code="v">[enregistrement vidéo]</subfield>
    <subfield code="2">chrero</subfield>
  </datafield>
  <datafield tag="962" ind1=" " ind2=" ">
    <subfield code="a">nebpun</subfield>
  </datafield>
  <datafield tag="994" ind1=" " ind2=" ">
    <subfield code="a">NP MAV FV 4</subfield>
    <subfield code="x">ne/bpun/a/1990/3792/1,4n</subfield>
  </datafield>
</record>