
<record>
  <leader>01715nam a2200457 a 4500</leader>
  <controlfield tag="001">vtls000938120</controlfield>
  <controlfield tag="005">20180808182400.0</controlfield>
  <controlfield tag="008">000719r19881908gw |||||| ||||00|| |lat d</controlfield>
  <datafield tag="020" ind1=" " ind2=" ">
    <subfield code="a">9783322004536</subfield>
  </datafield>
  <datafield tag="020" ind1=" " ind2=" ">
    <subfield code="a">9783322004543</subfield>
  </datafield>
  <datafield tag="035" ind1=" " ind2=" ">
    <subfield code="a">1028443</subfield>
  </datafield>
  <datafield tag="039" ind1=" " ind2=" ">
    <subfield code="b">0014c</subfield>
  </datafield>
  <datafield tag="039" ind1=" " ind2="9">
    <subfield code="a">201808081824</subfield>
    <subfield code="b">VLOAD</subfield>
    <subfield code="c">201807271134</subfield>
    <subfield code="d">VLOAD</subfield>
    <subfield code="c">201807270125</subfield>
    <subfield code="d">VLOAD</subfield>
    <subfield code="c">201706102052</subfield>
    <subfield code="d">VLOAD</subfield>
    <subfield code="y">1999022810000000</subfield>
    <subfield code="z">load</subfield>
  </datafield>
  <datafield tag="040" ind1=" " ind2=" ">
    <subfield code="a">RERO geulsa</subfield>
  </datafield>
  <datafield tag="072" ind1=" " ind2="7">
    <subfield code="a">s1dr</subfield>
    <subfield code="2">rero</subfield>
  </datafield>
  <datafield tag="245" ind1="0" ind2="0">
    <subfield code="a">Jurisprudentia antejustinianae reliquias :</subfield>
    <subfield code="b">in usum maxime academicum /</subfield>
    <subfield code="c">compositas a Ph. Eduardo Huschke</subfield>
  </datafield>
  <datafield tag="250" ind1=" " ind2=" ">
    <subfield code="a">Ed. 6a aucta et emendata /</subfield>
    <subfield code="b">ediderunt E. Seckel et B. Kuebler</subfield>
  </datafield>
  <datafield tag="264" ind1=" " ind2="1">
    <subfield code="a">Lipsiae :</subfield>
    <subfield code="b">in aedibus B.G. Teubneri,</subfield>
    <subfield code="c">1988</subfield>
  </datafield>
  <datafield tag="300" ind1=" " ind2=" ">
    <subfield code="a">2 vol. ;</subfield>
    <subfield code="c">20 cm</subfield>
  </datafield>
  <datafield tag="336" ind1=" " ind2=" ">
    <subfield code="b">txt</subfield>
    <subfield code="2">rdacontent</subfield>
  </datafield>
  <datafield tag="337" ind1=" " ind2=" ">
    <subfield code="b">n</subfield>
    <subfield code="2">rdamedia</subfield>
  </datafield>
  <datafield tag="338" ind1=" " ind2=" ">
    <subfield code="b">nc</subfield>
    <subfield code="2">rdacarrier</subfield>
  </datafield>
  <datafield tag="490" ind1="1" ind2=" ">
    <subfield code="a">Bibliotheca scriptorum Graecorum et Romanorum Teubneriana</subfield>
  </datafield>
  <datafield tag="534" ind1=" " ind2=" ">
    <subfield code="p">Reprod. de l&apos;éd. de:</subfield>
    <subfield code="c">1908-1927</subfield>
  </datafield>
  <datafield tag="650" ind1=" " ind2="7">
    <subfield code="0">(RERO)A021001741</subfield>
    <subfield code="a">Droit romain</subfield>
    <subfield code="2">rero</subfield>
  </datafield>
  <datafield tag="650" ind1=" " ind2="7">
    <subfield code="0">(RERO)A021027300</subfield>
    <subfield code="a">Jurisprudence</subfield>
    <subfield code="2">rero</subfield>
  </datafield>
  <datafield tag="655" ind1=" " ind2="7">
    <subfield code="0">(RERO)A010182398</subfield>
    <subfield code="a">[document]</subfield>
    <subfield code="2">rerovoc</subfield>
  </datafield>
  <datafield tag="700" ind1="1" ind2=" ">
    <subfield code="0">(RERO)A003391854</subfield>
    <subfield code="a">Huschke, Philipp Eduard</subfield>
  </datafield>
  <datafield tag="700" ind1="1" ind2=" ">
    <subfield code="0">(RERO)A003817414</subfield>
    <subfield code="a">Seckel, Emil</subfield>
  </datafield>
  <datafield tag="830" ind1=" " ind2="0">
    <subfield code="a">Bibliotheca scriptorum graecorum et romanorum teubneriana</subfield>
  </datafield>
  <datafield tag="904" ind1=" " ind2=" ">
    <subfield code="a">neubflna</subfield>
    <subfield code="b">1999/03</subfield>
  </datafield>
  <datafield tag="919" ind1=" " ind2=" ">
    <subfield code="9">650 _7</subfield>
    <subfield code="a">droit romain</subfield>
    <subfield code="v">[document]</subfield>
    <subfield code="2">chrero</subfield>
  </datafield>
  <datafield tag="919" ind1=" " ind2=" ">
    <subfield code="9">650 _7</subfield>
    <subfield code="a">jurisprudence</subfield>
    <subfield code="x">* droit romain</subfield>
    <subfield code="2">chrero</subfield>
  </datafield>
  <datafield tag="956" ind1=" " ind2=" ">
    <subfield code="a">frbcuc</subfield>
  </datafield>
  <datafield tag="957" ind1=" " ind2=" ">
    <subfield code="a">geulsa</subfield>
  </datafield>
  <datafield tag="962" ind1=" " ind2=" ">
    <subfield code="a">nebpun neubfl</subfield>
  </datafield>
  <datafield tag="981" ind1=" " ind2=" ">
    <subfield code="2">SPATR</subfield>
    <subfield code="a">F</subfield>
  </datafield>
  <datafield tag="982" ind1=" " ind2=" ">
    <subfield code="2">ge-ulsa</subfield>
    <subfield code="a">L:I CTI 151-152</subfield>
  </datafield>
  <datafield tag="984" ind1=" " ind2=" ">
    <subfield code="0">(RERO)3A000210521</subfield>
    <subfield code="2">cdu-neubfl-ac</subfield>
    <subfield code="a">871ICTI</subfield>
  </datafield>
  <datafield tag="992" ind1=" " ind2=" ">
    <subfield code="a">BFLA 31665</subfield>
    <subfield code="x">ge/ulsa/a/88/787</subfield>
  </datafield>
  <datafield tag="994" ind1=" " ind2=" ">
    <subfield code="a">BPUN PT 660 IL/2</subfield>
    <subfield code="x">ne/bpun/a/1988/3412</subfield>
  </datafield>
</record>