
<record>
  <leader>01203naa a2200277 a 4500</leader>
  <controlfield tag="001">vtls005264524</controlfield>
  <controlfield tag="005">20171127203300.0</controlfield>
  <controlfield tag="008">971022s1975    sz ||| |  ||||00|  |fre d</controlfield>
  <datafield tag="019" ind1=" " ind2=" ">
    <subfield code="a">Attention champ 933 issu de la migration d&apos;Alexandria à conserver temporairement</subfield>
    <subfield code="9">iftfla/12.2009</subfield>
    <subfield code="5">alexrero</subfield>
  </datafield>
  <datafield tag="019" ind1=" " ind2=" ">
    <subfield code="a">Notice issue de la migration Alexandria</subfield>
    <subfield code="9">iftfla/12.2009</subfield>
  </datafield>
  <datafield tag="035" ind1=" " ind2=" ">
    <subfield code="a">bv00210393</subfield>
  </datafield>
  <datafield tag="039" ind1=" " ind2="9">
    <subfield code="a">201711272033</subfield>
    <subfield code="b">VLOAD</subfield>
    <subfield code="c">201711271757</subfield>
    <subfield code="d">VLOAD</subfield>
    <subfield code="c">201705221444</subfield>
    <subfield code="d">VLOAD</subfield>
    <subfield code="c">201002121502</subfield>
    <subfield code="d">VLOAD</subfield>
    <subfield code="y">200912102247</subfield>
    <subfield code="z">VLOAD</subfield>
  </datafield>
  <datafield tag="040" ind1=" " ind2=" ">
    <subfield code="a">RERO ifofj-</subfield>
  </datafield>
  <datafield tag="072" ind1=" " ind2="7">
    <subfield code="a">s1dr</subfield>
    <subfield code="2">rero</subfield>
  </datafield>
  <datafield tag="100" ind1="1" ind2=" ">
    <subfield code="0">(RERO)A003422899</subfield>
    <subfield code="a">Jeannet, Maurice</subfield>
    <subfield code="4">cre</subfield>
  </datafield>
  <datafield tag="245" ind1="1" ind2="0">
    <subfield code="a">Enseigner la psychologie sociale /</subfield>
    <subfield code="c">Maurice Jeannet</subfield>
  </datafield>
  <datafield tag="264" ind1=" " ind2="1">
    <subfield code="a">Berne ;</subfield>
    <subfield code="a">Stuttgart :</subfield>
    <subfield code="b">Huber,</subfield>
    <subfield code="c">1975</subfield>
  </datafield>
  <datafield tag="300" ind1=" " ind2=" ">
    <subfield code="a">P. 297-311.</subfield>
  </datafield>
  <datafield tag="336" ind1=" " ind2=" ">
    <subfield code="b">txt</subfield>
    <subfield code="2">rdacontent</subfield>
  </datafield>
  <datafield tag="337" ind1=" " ind2=" ">
    <subfield code="b">n</subfield>
    <subfield code="2">rdamedia</subfield>
  </datafield>
  <datafield tag="338" ind1=" " ind2=" ">
    <subfield code="b">nc</subfield>
    <subfield code="2">rdacarrier</subfield>
  </datafield>
  <datafield tag="580" ind1=" " ind2=" ">
    <subfield code="a">In: Schweizerische Zeitschrift für Psychologie und ihre Anwendungen. - 34, 1975, no 4</subfield>
  </datafield>
  <datafield tag="773" ind1="1" ind2=" ">
    <subfield code="t">Schweizerische Zeitschrift für Psychologie und ihre Anwendungen</subfield>
    <subfield code="g">34, 1975, no 4</subfield>
  </datafield>
  <datafield tag="933" ind1=" " ind2=" ">
    <subfield code="s">Schweizerische Zeitschrift für Psychologie und ihre Anwendungen</subfield>
    <subfield code="g">34, 1975, no 4</subfield>
    <subfield code="5">alexrero</subfield>
  </datafield>
  <datafield tag="953" ind1=" " ind2=" ">
    <subfield code="a">ifofj-</subfield>
  </datafield>
  <datafield tag="983" ind1=" " ind2=" ">
    <subfield code="2">ifofj-</subfield>
    <subfield code="a">CA/CH 7.4. h JEAN 1975</subfield>
  </datafield>
</record>