
<record>
  <leader>01821naa a22003732a 4500</leader>
  <controlfield tag="001">vtls005244727</controlfield>
  <controlfield tag="005">20170522121700.0</controlfield>
  <controlfield tag="008">970729s1986    sz ||| |  ||||00|  |fre d</controlfield>
  <datafield tag="019" ind1=" " ind2=" ">
    <subfield code="a">Attention champ 933 issu de la migration d&apos;Alexandria à conserver temporairement</subfield>
    <subfield code="9">iftfla/12.2009</subfield>
    <subfield code="5">alexrero</subfield>
  </datafield>
  <datafield tag="019" ind1=" " ind2=" ">
    <subfield code="a">Notice issue de la migration Alexandria</subfield>
    <subfield code="9">iftfla/12.2009</subfield>
  </datafield>
  <datafield tag="019" ind1=" " ind2=" ">
    <subfield code="a">Attention : indexation ajuri convertie en jurivoc</subfield>
    <subfield code="9">iftfla/08.2014</subfield>
  </datafield>
  <datafield tag="035" ind1=" " ind2=" ">
    <subfield code="a">bv01131117</subfield>
  </datafield>
  <datafield tag="039" ind1=" " ind2="9">
    <subfield code="a">201705221217</subfield>
    <subfield code="b">VLOAD</subfield>
    <subfield code="c">201503151107</subfield>
    <subfield code="d">VLOAD</subfield>
    <subfield code="c">201409011736</subfield>
    <subfield code="d">VLOAD</subfield>
    <subfield code="c">201103221719</subfield>
    <subfield code="d">8705</subfield>
    <subfield code="y">200912102049</subfield>
    <subfield code="z">VLOAD</subfield>
  </datafield>
  <datafield tag="040" ind1=" " ind2=" ">
    <subfield code="a">RERO iftfla</subfield>
  </datafield>
  <datafield tag="072" ind1=" " ind2="7">
    <subfield code="a">s1dr</subfield>
    <subfield code="2">rero</subfield>
  </datafield>
  <datafield tag="245" ind1="0" ind2="0">
    <subfield code="a">Instructions sur la constatation de l&apos;ébriété :</subfield>
    <subfield code="b">(fondées sur l&apos;art. 150, 6e al., OAC) /</subfield>
    <subfield code="c">Département fédéral de justice et police</subfield>
  </datafield>
  <datafield tag="264" ind1=" " ind2="1">
    <subfield code="a">Berne :</subfield>
    <subfield code="b">DFJP,</subfield>
    <subfield code="c">1986</subfield>
  </datafield>
  <datafield tag="300" ind1=" " ind2=" ">
    <subfield code="a">9 p. ;</subfield>
    <subfield code="c">30 cm</subfield>
  </datafield>
  <datafield tag="336" ind1=" " ind2=" ">
    <subfield code="b">txt</subfield>
    <subfield code="2">rdacontent</subfield>
  </datafield>
  <datafield tag="337" ind1=" " ind2=" ">
    <subfield code="b">n</subfield>
    <subfield code="2">rdamedia</subfield>
  </datafield>
  <datafield tag="338" ind1=" " ind2=" ">
    <subfield code="b">nc</subfield>
    <subfield code="2">rdacarrier</subfield>
  </datafield>
  <datafield tag="580" ind1=" " ind2=" ">
    <subfield code="a">Extr. de : Journées du droit de la circulation routière, Fribourg, 1986</subfield>
  </datafield>
  <datafield tag="580" ind1=" " ind2=" ">
    <subfield code="a">In: Journées du droit de la circulation routière 1986. - Fribourg, 1986</subfield>
  </datafield>
  <datafield tag="650" ind1=" " ind2="7">
    <subfield code="0">jurivoc000018409ger</subfield>
    <subfield code="a">Rechtsmedizin</subfield>
    <subfield code="2">jurivoc</subfield>
    <subfield code="9">ger</subfield>
  </datafield>
  <datafield tag="650" ind1=" " ind2="7">
    <subfield code="0">jurivoc000004349ger</subfield>
    <subfield code="a">Blutalkoholkonzentration</subfield>
    <subfield code="2">jurivoc</subfield>
    <subfield code="9">ger</subfield>
  </datafield>
  <datafield tag="650" ind1=" " ind2="7">
    <subfield code="0">jurivoc000021880ger</subfield>
    <subfield code="a">Strassenverkehrswesen</subfield>
    <subfield code="2">jurivoc</subfield>
    <subfield code="9">ger</subfield>
  </datafield>
  <datafield tag="650" ind1=" " ind2="7">
    <subfield code="0">jurivoc000001812ger</subfield>
    <subfield code="a">Arzneimittel</subfield>
    <subfield code="2">jurivoc</subfield>
    <subfield code="9">ger</subfield>
  </datafield>
  <datafield tag="650" ind1=" " ind2="7">
    <subfield code="0">jurivoc000003682ger</subfield>
    <subfield code="a">Betäubungsmittel</subfield>
    <subfield code="2">jurivoc</subfield>
    <subfield code="9">ger</subfield>
  </datafield>
  <datafield tag="651" ind1=" " ind2="7">
    <subfield code="0">jurivoc000019912ger</subfield>
    <subfield code="a">Schweiz</subfield>
    <subfield code="2">jurivoc</subfield>
    <subfield code="9">ger</subfield>
  </datafield>
  <datafield tag="710" ind1="1" ind2=" ">
    <subfield code="0">(RERO)A000157177</subfield>
    <subfield code="a">Suisse.</subfield>
    <subfield code="b">Département fédéral de justice et police</subfield>
  </datafield>
  <datafield tag="773" ind1="1" ind2=" ">
    <subfield code="t">Journées du droit de la circulation routière</subfield>
    <subfield code="g">1986</subfield>
  </datafield>
  <datafield tag="933" ind1=" " ind2=" ">
    <subfield code="s">Journées du droit de la circulation routière 1986</subfield>
    <subfield code="g">Fribourg, 1986</subfield>
    <subfield code="5">alexrero</subfield>
  </datafield>
  <datafield tag="953" ind1=" " ind2=" ">
    <subfield code="a">iftfla</subfield>
  </datafield>
  <datafield tag="983" ind1=" " ind2=" ">
    <subfield code="2">iftfla</subfield>
    <subfield code="a">TFLa M 1/177</subfield>
  </datafield>
</record>