
<record>
  <leader>01467nam a2200361 a 4500</leader>
  <controlfield tag="001">vtls005270811</controlfield>
  <controlfield tag="005">20170522073100.0</controlfield>
  <controlfield tag="008">021219s1992    gw ||| |  ||||00|  |ger d</controlfield>
  <datafield tag="019" ind1=" " ind2=" ">
    <subfield code="a">Attention champ 830 issu de la migration d&apos;Alexandria</subfield>
    <subfield code="9">iftfla/12.2009</subfield>
  </datafield>
  <datafield tag="019" ind1=" " ind2=" ">
    <subfield code="a">Notice issue de la migration Alexandria</subfield>
    <subfield code="9">iftfla/12.2009</subfield>
  </datafield>
  <datafield tag="020" ind1=" " ind2=" ">
    <subfield code="a">9783631450024</subfield>
  </datafield>
  <datafield tag="035" ind1=" " ind2=" ">
    <subfield code="a">bv80006971</subfield>
  </datafield>
  <datafield tag="039" ind1=" " ind2="9">
    <subfield code="a">201705220731</subfield>
    <subfield code="b">VLOAD</subfield>
    <subfield code="c">201703211135</subfield>
    <subfield code="d">8712</subfield>
    <subfield code="c">201002121529</subfield>
    <subfield code="d">VLOAD</subfield>
    <subfield code="c">201001052159</subfield>
    <subfield code="d">VLOAD</subfield>
    <subfield code="y">200912102327</subfield>
    <subfield code="z">VLOAD</subfield>
  </datafield>
  <datafield tag="040" ind1=" " ind2=" ">
    <subfield code="a">RERO ifofj-</subfield>
  </datafield>
  <datafield tag="072" ind1=" " ind2="7">
    <subfield code="a">s1dr</subfield>
    <subfield code="2">rero</subfield>
  </datafield>
  <datafield tag="100" ind1="1" ind2=" ">
    <subfield code="0">(RERO)A017131049</subfield>
    <subfield code="a">Eckebrecht, Marc</subfield>
    <subfield code="4">cre</subfield>
  </datafield>
  <datafield tag="245" ind1="1" ind2="4">
    <subfield code="a">Die Rechtsstellung des erbrechtlichen Anwärters vor und nach dem Erbfall /</subfield>
    <subfield code="c">Marc Eckebrecht</subfield>
  </datafield>
  <datafield tag="246" ind1="3" ind2=" ">
    <subfield code="a">Rechtswissenschaft</subfield>
  </datafield>
  <datafield tag="264" ind1=" " ind2="1">
    <subfield code="a">Frankfurt a.M. ;</subfield>
    <subfield code="a">Bern [etc.] :</subfield>
    <subfield code="b">P. Lang,</subfield>
    <subfield code="c">[1992]</subfield>
  </datafield>
  <datafield tag="264" ind1=" " ind2="4">
    <subfield code="c">© 1992</subfield>
  </datafield>
  <datafield tag="300" ind1=" " ind2=" ">
    <subfield code="a">272 S.</subfield>
  </datafield>
  <datafield tag="336" ind1=" " ind2=" ">
    <subfield code="b">txt</subfield>
    <subfield code="2">rdacontent</subfield>
  </datafield>
  <datafield tag="337" ind1=" " ind2=" ">
    <subfield code="b">n</subfield>
    <subfield code="2">rdamedia</subfield>
  </datafield>
  <datafield tag="338" ind1=" " ind2=" ">
    <subfield code="b">nc</subfield>
    <subfield code="2">rdacarrier</subfield>
  </datafield>
  <datafield tag="490" ind1="1" ind2=" ">
    <subfield code="a">Europäische Hochschulschriften.</subfield>
    <subfield code="n">Reihe 02,</subfield>
    <subfield code="p">Rechtswissenschaft</subfield>
    <subfield code="x">0531-7312</subfield>
    <subfield code="v">Bd. 1231</subfield>
  </datafield>
  <datafield tag="502" ind1=" " ind2=" ">
    <subfield code="a">Diss. jur. Berlin</subfield>
  </datafield>
  <datafield tag="830" ind1=" " ind2="0">
    <subfield code="a">Europäische Hochschulschriften.</subfield>
    <subfield code="p">Reihe 2, Rechtswissenschaft = Publications universitaires européennes. Série 2, Sciences juridiques = European university papers. Series 2, Law</subfield>
    <subfield code="v">1231</subfield>
  </datafield>
  <datafield tag="903" ind1=" " ind2=" ">
    <subfield code="a">nwisdc</subfield>
    <subfield code="b">1703</subfield>
  </datafield>
  <datafield tag="903" ind1=" " ind2=" ">
    <subfield code="a">copisdc</subfield>
  </datafield>
  <datafield tag="953" ind1=" " ind2=" ">
    <subfield code="a">ifisdc ifofj-</subfield>
  </datafield>
  <datafield tag="980" ind1=" " ind2=" ">
    <subfield code="2">dr-sys</subfield>
    <subfield code="a">CA/D 67 h</subfield>
  </datafield>
  <datafield tag="983" ind1=" " ind2=" ">
    <subfield code="2">ifofj-</subfield>
    <subfield code="a">CA/D 67 h ECKE 1992</subfield>
  </datafield>
  <datafield tag="983" ind1=" " ind2=" ">
    <subfield code="2">isdc</subfield>
    <subfield code="a">CA/D 67 h ECKE 1992</subfield>
  </datafield>
</record>