
<record>
  <leader>01503njm a2200349 a 4500</leader>
  <controlfield tag="001">vtls002050557</controlfield>
  <controlfield tag="005">20170518095100.0</controlfield>
  <controlfield tag="007">s|</controlfield>
  <controlfield tag="008">960725s1996    xx |||||| |||||||  |ita d</controlfield>
  <datafield tag="028" ind1="0" ind2="2">
    <subfield code="a">Archiv 447 088-2</subfield>
  </datafield>
  <datafield tag="035" ind1=" " ind2=" ">
    <subfield code="a">2235477</subfield>
  </datafield>
  <datafield tag="039" ind1=" " ind2="9">
    <subfield code="a">201705180951</subfield>
    <subfield code="b">VLOAD</subfield>
    <subfield code="c">201704011121</subfield>
    <subfield code="d">VLOAD</subfield>
    <subfield code="c">201212081047</subfield>
    <subfield code="d">VLOAD</subfield>
    <subfield code="c">200812230015</subfield>
    <subfield code="d">VLOAD</subfield>
    <subfield code="y">1999030115390000</subfield>
    <subfield code="z">load</subfield>
  </datafield>
  <datafield tag="040" ind1=" " ind2=" ">
    <subfield code="a">RERO labcur</subfield>
  </datafield>
  <datafield tag="072" ind1=" " ind2="7">
    <subfield code="a">s1mu</subfield>
    <subfield code="2">rero</subfield>
  </datafield>
  <datafield tag="100" ind1="1" ind2=" ">
    <subfield code="0">(RERO)A000115558</subfield>
    <subfield code="a">Monteverdi, Claudio</subfield>
    <subfield code="4">cre</subfield>
  </datafield>
  <datafield tag="245" ind1="1" ind2="2">
    <subfield code="a">L&apos;incoronazione di Poppea /</subfield>
    <subfield code="c">Claudio Monteverdi</subfield>
  </datafield>
  <datafield tag="264" ind1=" " ind2="1">
    <subfield code="a">[Lieu de publication non identifié] :</subfield>
    <subfield code="b">Archiv,</subfield>
    <subfield code="c">P 1996</subfield>
  </datafield>
  <datafield tag="300" ind1=" " ind2=" ">
    <subfield code="a">3 disques compacts en 1 coffret :</subfield>
    <subfield code="b">stéréo (DDD) ;</subfield>
    <subfield code="c">12 cm +</subfield>
    <subfield code="e">1 livret</subfield>
  </datafield>
  <datafield tag="336" ind1=" " ind2=" ">
    <subfield code="b">prm</subfield>
    <subfield code="2">rdacontent</subfield>
  </datafield>
  <datafield tag="337" ind1=" " ind2=" ">
    <subfield code="b">s</subfield>
    <subfield code="2">rdamedia</subfield>
  </datafield>
  <datafield tag="338" ind1=" " ind2=" ">
    <subfield code="b">sd</subfield>
    <subfield code="2">rdacarrier</subfield>
  </datafield>
  <datafield tag="500" ind1=" " ind2=" ">
    <subfield code="a">Livret de Giovanni Francesco Busenello</subfield>
  </datafield>
  <datafield tag="511" ind1="0" ind2=" ">
    <subfield code="a">Interpr.: Gardiner, John Eliot (direction) ; Hanchard, Dana (soprano, Nerone) ; Otter, Anne-Sofie von (mezzo-soprano, Ottavia) ; MacNair, Sylvia (soprano, Poppea) ; Chance, Michael (haute-contre, Ottone) ; English Baroque Soloists (ensemble instr.)</subfield>
  </datafield>
  <datafield tag="700" ind1="1" ind2=" ">
    <subfield code="0">(RERO)A003279826</subfield>
    <subfield code="a">Gardiner, John Eliot,</subfield>
    <subfield code="d">1943-</subfield>
  </datafield>
  <datafield tag="700" ind1="1" ind2=" ">
    <subfield code="0">(RERO)A003094395</subfield>
    <subfield code="a">Chance, Michael</subfield>
  </datafield>
  <datafield tag="700" ind1="1" ind2=" ">
    <subfield code="0">(RERO)A003345244</subfield>
    <subfield code="a">Hanchard, Dana</subfield>
  </datafield>
  <datafield tag="700" ind1="1" ind2=" ">
    <subfield code="0">(RERO)A003661760</subfield>
    <subfield code="a">Otter, Anne-Sofie von</subfield>
  </datafield>
  <datafield tag="700" ind1="1" ind2=" ">
    <subfield code="0">(RERO)A003547333</subfield>
    <subfield code="a">McNair, Sylvia,</subfield>
    <subfield code="d">1956-</subfield>
  </datafield>
  <datafield tag="710" ind1="2" ind2=" ">
    <subfield code="0">(RERO)A003218080</subfield>
    <subfield code="a">English Baroque Soloists</subfield>
  </datafield>
  <datafield tag="936" ind1=" " ind2=" ">
    <subfield code="a">basmPH6966</subfield>
  </datafield>
  <datafield tag="973" ind1=" " ind2=" ">
    <subfield code="a">vsbasm</subfield>
  </datafield>
  <datafield tag="986" ind1=" " ind2=" ">
    <subfield code="2">cdu-vsbasm</subfield>
    <subfield code="a">CD PASM 06911</subfield>
  </datafield>
</record>