
<record>
  <leader>01680nam a22003132a 4500</leader>
  <controlfield tag="001">vtls006032529</controlfield>
  <controlfield tag="005">20180403163800.0</controlfield>
  <controlfield tag="008">110218s2001    fr ||| |  ||||00|  |fre d</controlfield>
  <datafield tag="019" ind1=" " ind2=" ">
    <subfield code="a">Notice créée dans le cadre de la migration de la BM Delémont</subfield>
    <subfield code="9">jubmda/06.2011</subfield>
  </datafield>
  <datafield tag="020" ind1=" " ind2=" ">
    <subfield code="a">9782701131481</subfield>
  </datafield>
  <datafield tag="035" ind1=" " ind2=" ">
    <subfield code="a">R006032529</subfield>
  </datafield>
  <datafield tag="039" ind1=" " ind2="9">
    <subfield code="a">201804031638</subfield>
    <subfield code="b">VLOAD</subfield>
    <subfield code="c">201705301333</subfield>
    <subfield code="d">VLOAD</subfield>
    <subfield code="c">201605151649</subfield>
    <subfield code="d">VLOAD</subfield>
    <subfield code="c">201604281508</subfield>
    <subfield code="d">8698</subfield>
    <subfield code="y">201106171546</subfield>
    <subfield code="z">VLOAD</subfield>
  </datafield>
  <datafield tag="040" ind1=" " ind2=" ">
    <subfield code="a">RERO jubmda</subfield>
  </datafield>
  <datafield tag="072" ind1=" " ind2="7">
    <subfield code="a">s1zz</subfield>
    <subfield code="2">rero</subfield>
  </datafield>
  <datafield tag="100" ind1="1" ind2=" ">
    <subfield code="0">(RERO)A012815062</subfield>
    <subfield code="a">Overnoy, Sylvie</subfield>
    <subfield code="4">cre</subfield>
  </datafield>
  <datafield tag="245" ind1="1" ind2="0">
    <subfield code="a">Bienvenue au club! :</subfield>
    <subfield code="b">journal intime du cheval Crac /</subfield>
    <subfield code="c">Sylvie Overnoy</subfield>
  </datafield>
  <datafield tag="264" ind1=" " ind2="1">
    <subfield code="a">Paris :</subfield>
    <subfield code="b">Belin,</subfield>
    <subfield code="c">2001</subfield>
  </datafield>
  <datafield tag="300" ind1=" " ind2=" ">
    <subfield code="a">189 p. ;</subfield>
    <subfield code="c">24 cm</subfield>
  </datafield>
  <datafield tag="336" ind1=" " ind2=" ">
    <subfield code="b">txt</subfield>
    <subfield code="2">rdacontent</subfield>
  </datafield>
  <datafield tag="337" ind1=" " ind2=" ">
    <subfield code="b">n</subfield>
    <subfield code="2">rdamedia</subfield>
  </datafield>
  <datafield tag="338" ind1=" " ind2=" ">
    <subfield code="b">nc</subfield>
    <subfield code="2">rdacarrier</subfield>
  </datafield>
  <datafield tag="520" ind1="8" ind2=" ">
    <subfield code="a">Crac paissait bien tranquille sous le vieux pommier, jusqu&apos;à ce qu&apos;on vienne l&apos;arracher à son pré pour en faire un cheval de club. Mais qu&apos;attend-on de lui au juste ? Qui sont tous ces gens ? Que va-t-on lui faire ? Et les autres chevaux pourraient-ils cesser de lui envoyer des coups de pied ?</subfield>
    <subfield code="9">vdcopp/01.2015</subfield>
  </datafield>
  <datafield tag="520" ind1="8" ind2=" ">
    <subfield code="a">Originalité de ce roman: c&apos;est Crac lui-même qui s&apos;exprime. On a le point de vue du cheval, aussi bien sur des carottes qui poussent, sur certains cavaliers, que sur les &quot;choses difficiles&quot; à exécuter lors des reprises. Pendant un an, Crac raconte au jour le jour la vie de son club, avec tant de naturel et de réalisme qu&apos;on s&apos;y croit vraiment.</subfield>
    <subfield code="9">vdecub/06.2015</subfield>
  </datafield>
  <datafield tag="521" ind1=" " ind2=" ">
    <subfield code="a">Adolescents (12-15 ans)</subfield>
    <subfield code="9">vdcopp/01.2015</subfield>
  </datafield>
  <datafield tag="904" ind1=" " ind2=" ">
    <subfield code="a">jubmdare op114971</subfield>
  </datafield>
  <datafield tag="960" ind1=" " ind2=" ">
    <subfield code="a">jubmda</subfield>
  </datafield>
  <datafield tag="984" ind1=" " ind2=" ">
    <subfield code="2">jubmd</subfield>
    <subfield code="a">798</subfield>
  </datafield>
  <datafield tag="984" ind1=" " ind2=" ">
    <subfield code="2">jubmd</subfield>
    <subfield code="a">CHEVAL</subfield>
  </datafield>
  <datafield tag="984" ind1=" " ind2=" ">
    <subfield code="2">jubmd</subfield>
    <subfield code="a">EQUITATION</subfield>
  </datafield>
</record>