
<record>
  <leader>01387nas a2200373 a 4500</leader>
  <controlfield tag="001">vtls000657720</controlfield>
  <controlfield tag="005">20190705130500.0</controlfield>
  <controlfield tag="008">860625c19819999bl |||p|| ||||0 || 0por d</controlfield>
  <datafield tag="022" ind1=" " ind2=" ">
    <subfield code="a">0102-6739</subfield>
  </datafield>
  <datafield tag="035" ind1=" " ind2=" ">
    <subfield code="a">0725946</subfield>
  </datafield>
  <datafield tag="039" ind1=" " ind2="9">
    <subfield code="a">201907051305</subfield>
    <subfield code="b">VLOAD</subfield>
    <subfield code="c">201811162154</subfield>
    <subfield code="d">VLOAD</subfield>
    <subfield code="c">201808252346</subfield>
    <subfield code="d">VLOAD</subfield>
    <subfield code="c">201706101307</subfield>
    <subfield code="d">VLOAD</subfield>
    <subfield code="y">1999022802560000</subfield>
    <subfield code="z">load</subfield>
  </datafield>
  <datafield tag="040" ind1=" " ind2=" ">
    <subfield code="a">RERO gevcjb</subfield>
  </datafield>
  <datafield tag="041" ind1="0" ind2=" ">
    <subfield code="a">por</subfield>
    <subfield code="a">eng</subfield>
    <subfield code="a">spa</subfield>
  </datafield>
  <datafield tag="072" ind1=" " ind2="7">
    <subfield code="a">s1bo</subfield>
    <subfield code="2">rero</subfield>
  </datafield>
  <datafield tag="210" ind1="1" ind2="0">
    <subfield code="a">Atas Soc. Bot. Brasil, Secç. Rio de Janeiro.</subfield>
  </datafield>
  <datafield tag="245" ind1="0" ind2="0">
    <subfield code="a">Atas da Sociedade Botânica do Brasil, Secção Rio de Janeiro</subfield>
  </datafield>
  <datafield tag="264" ind1=" " ind2="1">
    <subfield code="a">Rio de Janeiro :</subfield>
    <subfield code="b">Sociedade Botânica do Brasil,</subfield>
    <subfield code="b">Secção Rio de Janeiro,</subfield>
    <subfield code="c">1981-&gt;</subfield>
  </datafield>
  <datafield tag="300" ind1=" " ind2=" ">
    <subfield code="c">24 cm</subfield>
  </datafield>
  <datafield tag="310" ind1=" " ind2=" ">
    <subfield code="a">Irrégulier</subfield>
  </datafield>
  <datafield tag="336" ind1=" " ind2=" ">
    <subfield code="b">txt</subfield>
    <subfield code="2">rdacontent</subfield>
  </datafield>
  <datafield tag="337" ind1=" " ind2=" ">
    <subfield code="b">n</subfield>
    <subfield code="2">rdamedia</subfield>
  </datafield>
  <datafield tag="338" ind1=" " ind2=" ">
    <subfield code="b">nc</subfield>
    <subfield code="2">rdacarrier</subfield>
  </datafield>
  <datafield tag="362" ind1="0" ind2=" ">
    <subfield code="a">Vol. 1(1981/83)-&gt;</subfield>
  </datafield>
  <datafield tag="650" ind1=" " ind2="7">
    <subfield code="0">(RERO)A021007164</subfield>
    <subfield code="a">Botanique</subfield>
    <subfield code="2">rero</subfield>
  </datafield>
  <datafield tag="650" ind1=" " ind2="7">
    <subfield code="0">(RERO)A009950086</subfield>
    <subfield code="a">végétation</subfield>
    <subfield code="2">rerovoc</subfield>
  </datafield>
  <datafield tag="650" ind1=" " ind2="7">
    <subfield code="0">(RERO)A021002657</subfield>
    <subfield code="a">Plantes</subfield>
    <subfield code="2">rero</subfield>
  </datafield>
  <datafield tag="651" ind1=" " ind2="7">
    <subfield code="0">(RERO)A009956940</subfield>
    <subfield code="a">Brésil</subfield>
    <subfield code="2">rero</subfield>
  </datafield>
  <datafield tag="655" ind1=" " ind2="7">
    <subfield code="0">(RERO)A021002597</subfield>
    <subfield code="a">[Périodiques]</subfield>
    <subfield code="2">rero</subfield>
  </datafield>
  <datafield tag="710" ind1="2" ind2=" ">
    <subfield code="0">(RERO)A003841578</subfield>
    <subfield code="a">Sociedade Botânica do Brasil.</subfield>
    <subfield code="b">Secção Rio de Janeiro</subfield>
  </datafield>
  <datafield tag="919" ind1=" " ind2=" ">
    <subfield code="9">650 _7</subfield>
    <subfield code="a">botanique</subfield>
    <subfield code="v">[périodique]</subfield>
    <subfield code="2">chrero</subfield>
  </datafield>
  <datafield tag="919" ind1=" " ind2=" ">
    <subfield code="9">650 _7</subfield>
    <subfield code="a">flore</subfield>
    <subfield code="x">végétation</subfield>
    <subfield code="z">Brésil</subfield>
    <subfield code="v">[périodique]</subfield>
    <subfield code="2">chrero</subfield>
  </datafield>
  <datafield tag="957" ind1=" " ind2=" ">
    <subfield code="a">gevcjb</subfield>
  </datafield>
  <datafield tag="982" ind1=" " ind2=" ">
    <subfield code="2">cdu-gevcjb</subfield>
    <subfield code="a">P(81)82</subfield>
  </datafield>
  <datafield tag="992" ind1=" " ind2=" ">
    <subfield code="a">BOTP 400</subfield>
    <subfield code="x">ge/vcjb/e/1983</subfield>
  </datafield>
</record>