
<record>
  <leader>01113nam a2200337 a 4500</leader>
  <controlfield tag="001">vtls000370527</controlfield>
  <controlfield tag="005">20190823122300.0</controlfield>
  <controlfield tag="008">000815s1977    fr |||||| ||||00|| |fre d</controlfield>
  <datafield tag="020" ind1=" " ind2=" ">
    <subfield code="a">9782010033681</subfield>
  </datafield>
  <datafield tag="035" ind1=" " ind2=" ">
    <subfield code="a">0401742</subfield>
  </datafield>
  <datafield tag="039" ind1=" " ind2=" ">
    <subfield code="b">9400c</subfield>
  </datafield>
  <datafield tag="039" ind1=" " ind2="9">
    <subfield code="a">201908231223</subfield>
    <subfield code="b">3541</subfield>
    <subfield code="c">201812081120</subfield>
    <subfield code="d">VLOAD</subfield>
    <subfield code="c">201706101936</subfield>
    <subfield code="d">VLOAD</subfield>
    <subfield code="c">201704031123</subfield>
    <subfield code="d">VLOAD</subfield>
    <subfield code="y">1999022719320000</subfield>
    <subfield code="z">load</subfield>
  </datafield>
  <datafield tag="040" ind1=" " ind2=" ">
    <subfield code="a">RERO</subfield>
  </datafield>
  <datafield tag="072" ind1=" " ind2="7">
    <subfield code="a">s1ba</subfield>
    <subfield code="2">rero</subfield>
  </datafield>
  <datafield tag="100" ind1="1" ind2=" ">
    <subfield code="0">(RERO)A003262999</subfield>
    <subfield code="a">Fresnault-Deruelle, Pierre</subfield>
    <subfield code="4">cre</subfield>
  </datafield>
  <datafield tag="245" ind1="1" ind2="0">
    <subfield code="a">Récits et discours par la bande :</subfield>
    <subfield code="b">essais sur les comics /</subfield>
    <subfield code="c">Pierre Fresnault-Deruelle</subfield>
  </datafield>
  <datafield tag="264" ind1=" " ind2="1">
    <subfield code="a">[Paris] :</subfield>
    <subfield code="b">Hachette,</subfield>
    <subfield code="c">1977</subfield>
  </datafield>
  <datafield tag="300" ind1=" " ind2=" ">
    <subfield code="a">253 p. :</subfield>
    <subfield code="b">ill. ;</subfield>
    <subfield code="c">23 cm</subfield>
  </datafield>
  <datafield tag="336" ind1=" " ind2=" ">
    <subfield code="b">txt</subfield>
    <subfield code="2">rdacontent</subfield>
  </datafield>
  <datafield tag="337" ind1=" " ind2=" ">
    <subfield code="b">n</subfield>
    <subfield code="2">rdamedia</subfield>
  </datafield>
  <datafield tag="338" ind1=" " ind2=" ">
    <subfield code="b">nc</subfield>
    <subfield code="2">rdacarrier</subfield>
  </datafield>
  <datafield tag="490" ind1="1" ind2=" ">
    <subfield code="a">Hachette essais</subfield>
  </datafield>
  <datafield tag="650" ind1=" " ind2="7">
    <subfield code="0">(RERO)A021001130</subfield>
    <subfield code="a">Bandes dessinées</subfield>
    <subfield code="2">rero</subfield>
  </datafield>
  <datafield tag="830" ind1=" " ind2="0">
    <subfield code="a">Essais.</subfield>
    <subfield code="p">Hachette</subfield>
  </datafield>
  <datafield tag="919" ind1=" " ind2=" ">
    <subfield code="9">650 _7</subfield>
    <subfield code="a">bande dessinée</subfield>
    <subfield code="2">chrero</subfield>
  </datafield>
  <datafield tag="956" ind1=" " ind2=" ">
    <subfield code="a">frbcuc</subfield>
  </datafield>
  <datafield tag="962" ind1=" " ind2=" ">
    <subfield code="a">nebpun necfbv</subfield>
  </datafield>
  <datafield tag="981" ind1=" " ind2=" ">
    <subfield code="2">SJOURN</subfield>
    <subfield code="a">A</subfield>
  </datafield>
  <datafield tag="981" ind1=" " ind2=" ">
    <subfield code="0">(RERO)0A000225441</subfield>
    <subfield code="2">CDU</subfield>
    <subfield code="a">741.01</subfield>
  </datafield>
  <datafield tag="994" ind1=" " ind2=" ">
    <subfield code="a">CFV Fonds BD 741.5 FRE</subfield>
    <subfield code="x">bd 1080</subfield>
  </datafield>
  <datafield tag="994" ind1=" " ind2=" ">
    <subfield code="a">E 4683</subfield>
    <subfield code="x">ne/bpun/a/1977/1225</subfield>
  </datafield>
</record>