
<record>
  <leader>01117naa a2200301 a 4500</leader>
  <controlfield tag="001">vtls003249427</controlfield>
  <controlfield tag="005">20170611090000.0</controlfield>
  <controlfield tag="008">021002s2002    fr ||| |  ||||00|  |fre d</controlfield>
  <datafield tag="035" ind1=" " ind2=" ">
    <subfield code="a">R003249427</subfield>
  </datafield>
  <datafield tag="039" ind1=" " ind2="7">
    <subfield code="b">9533</subfield>
    <subfield code="b">3506</subfield>
  </datafield>
  <datafield tag="039" ind1=" " ind2="9">
    <subfield code="a">201706110900</subfield>
    <subfield code="b">VLOAD</subfield>
    <subfield code="c">201603241253</subfield>
    <subfield code="d">3541</subfield>
    <subfield code="c">200812211459</subfield>
    <subfield code="d">VLOAD</subfield>
    <subfield code="c">200304251520</subfield>
    <subfield code="d">3521</subfield>
    <subfield code="y">200210021340</subfield>
    <subfield code="z">3506</subfield>
  </datafield>
  <datafield tag="040" ind1=" " ind2=" ">
    <subfield code="a">RERO necfbv</subfield>
  </datafield>
  <datafield tag="072" ind1=" " ind2="7">
    <subfield code="a">s1di</subfield>
    <subfield code="2">rero</subfield>
  </datafield>
  <datafield tag="245" ind1="0" ind2="0">
    <subfield code="a">Galaxies :</subfield>
    <subfield code="b">Science-fiction ; dossier Kathleen Ann Goonan /</subfield>
    <subfield code="c">[textes de] Laurent Genefort... [et al.]</subfield>
  </datafield>
  <datafield tag="264" ind1=" " ind2="1">
    <subfield code="a">Nancy :</subfield>
    <subfield code="b">Galaxies,</subfield>
    <subfield code="c">2002</subfield>
  </datafield>
  <datafield tag="300" ind1=" " ind2=" ">
    <subfield code="a">192 p. :</subfield>
    <subfield code="b">ill. ;</subfield>
    <subfield code="c">21 cm</subfield>
  </datafield>
  <datafield tag="336" ind1=" " ind2=" ">
    <subfield code="b">txt</subfield>
    <subfield code="2">rdacontent</subfield>
  </datafield>
  <datafield tag="337" ind1=" " ind2=" ">
    <subfield code="b">n</subfield>
    <subfield code="2">rdamedia</subfield>
  </datafield>
  <datafield tag="338" ind1=" " ind2=" ">
    <subfield code="b">nc</subfield>
    <subfield code="2">rdacarrier</subfield>
  </datafield>
  <datafield tag="490" ind1="1" ind2=" ">
    <subfield code="a">Galaxies : Science-fiction</subfield>
    <subfield code="v">26, septembre 2002</subfield>
  </datafield>
  <datafield tag="520" ind1="8" ind2=" ">
    <subfield code="a">Analyse : Roman de science-fiction. Nouvelles</subfield>
    <subfield code="9">necfbv/4.2003/3521</subfield>
  </datafield>
  <datafield tag="600" ind1="1" ind2="7">
    <subfield code="0">(RERO)A010221363</subfield>
    <subfield code="a">Goonan, Kathleen Ann</subfield>
    <subfield code="2">rero</subfield>
  </datafield>
  <datafield tag="700" ind1="1" ind2=" ">
    <subfield code="0">(RERO)A008956916</subfield>
    <subfield code="a">Goonan, Kathleen Ann</subfield>
  </datafield>
  <datafield tag="830" ind1=" " ind2="0">
    <subfield code="a">Galaxies : Science-fiction</subfield>
    <subfield code="v">26, septembre 2002</subfield>
  </datafield>
  <datafield tag="904" ind1=" " ind2=" ">
    <subfield code="a">neroan</subfield>
  </datafield>
  <datafield tag="919" ind1=" " ind2=" ">
    <subfield code="9">600 17</subfield>
    <subfield code="a">Goonan, Kathleen Ann</subfield>
    <subfield code="2">chrero</subfield>
  </datafield>
  <datafield tag="962" ind1=" " ind2=" ">
    <subfield code="a">necfbv</subfield>
  </datafield>
  <datafield tag="994" ind1=" " ind2=" ">
    <subfield code="a">CFV Périodiques PF 749</subfield>
    <subfield code="x">--</subfield>
  </datafield>
</record>