
<record>
  <leader>01384ncm a2200301 a 4500</leader>
  <controlfield tag="001">vtls000353418</controlfield>
  <controlfield tag="005">20180731164800.0</controlfield>
  <controlfield tag="008">960525m19632018gw |||||| |||||||  |ger d</controlfield>
  <datafield tag="024" ind1="2" ind2=" ">
    <subfield code="a">9790201858135</subfield>
    <subfield code="q">Kritischer Bericht</subfield>
  </datafield>
  <datafield tag="028" ind1="3" ind2="2">
    <subfield code="a">HN 5813</subfield>
    <subfield code="q">Kritischer Bericht</subfield>
  </datafield>
  <datafield tag="035" ind1=" " ind2=" ">
    <subfield code="a">0383205</subfield>
  </datafield>
  <datafield tag="039" ind1=" " ind2="9">
    <subfield code="a">201807311648</subfield>
    <subfield code="b">0011</subfield>
    <subfield code="c">201705160928</subfield>
    <subfield code="d">VLOAD</subfield>
    <subfield code="c">201703290848</subfield>
    <subfield code="d">VLOAD</subfield>
    <subfield code="c">201411171539</subfield>
    <subfield code="d">0144</subfield>
    <subfield code="y">1999022719050000</subfield>
    <subfield code="z">load</subfield>
  </datafield>
  <datafield tag="040" ind1=" " ind2=" ">
    <subfield code="a">RERO frbcuc</subfield>
  </datafield>
  <datafield tag="072" ind1=" " ind2="7">
    <subfield code="a">s1mu</subfield>
    <subfield code="2">rero</subfield>
  </datafield>
  <datafield tag="100" ind1="1" ind2=" ">
    <subfield code="0">(RERO)A000078978</subfield>
    <subfield code="a">Haydn, Joseph,</subfield>
    <subfield code="d">1732-1809</subfield>
    <subfield code="4">cre</subfield>
  </datafield>
  <datafield tag="245" ind1="1" ind2="0">
    <subfield code="a">Werke /</subfield>
    <subfield code="c">Joseph Haydn ; hrsg. vom Joseph Haydn-Institut, Köln ; unter der Leitung von Georg Feder.</subfield>
    <subfield code="n">Reihe 28, Bd. 1,</subfield>
    <subfield code="p">Il Ritorno di Tobia :</subfield>
    <subfield code="b">oratorio 1775/1784 / Joseph Haydn ; Dichtung von Giovanni Gastone Boccherini ; hrsg. von Ernst Fritz Schmid ; kristischer Bericht verf. von Friederike Mühle</subfield>
  </datafield>
  <datafield tag="264" ind1=" " ind2="1">
    <subfield code="a">München ;</subfield>
    <subfield code="a">Duisburg :</subfield>
    <subfield code="b">G. Henle,</subfield>
    <subfield code="c">1963-2018</subfield>
  </datafield>
  <datafield tag="300" ind1=" " ind2=" ">
    <subfield code="a">1 partition en 2 vol. (610 p.) +</subfield>
    <subfield code="e">1 vol. de notes critiques (172 p.)</subfield>
  </datafield>
  <datafield tag="336" ind1=" " ind2=" ">
    <subfield code="b">ntm</subfield>
    <subfield code="2">rdacontent</subfield>
  </datafield>
  <datafield tag="337" ind1=" " ind2=" ">
    <subfield code="b">n</subfield>
    <subfield code="2">rdamedia</subfield>
  </datafield>
  <datafield tag="338" ind1=" " ind2=" ">
    <subfield code="b">nc</subfield>
    <subfield code="2">rdacarrier</subfield>
  </datafield>
  <datafield tag="500" ind1=" " ind2=" ">
    <subfield code="a">[Hob. XXI : 1]</subfield>
  </datafield>
  <datafield tag="700" ind1="1" ind2=" ">
    <subfield code="0">(RERO)A003016693</subfield>
    <subfield code="a">Boccherini, Giovanni Gastone</subfield>
  </datafield>
  <datafield tag="700" ind1="1" ind2=" ">
    <subfield code="0">(RERO)A003799486</subfield>
    <subfield code="a">Schmid, Ernst Fritz,</subfield>
    <subfield code="d">1904-1960</subfield>
  </datafield>
  <datafield tag="700" ind1="1" ind2=" ">
    <subfield code="0">(RERO)A027557687</subfield>
    <subfield code="a">Mühle, Friederike</subfield>
  </datafield>
  <datafield tag="800" ind1="1" ind2=" ">
    <subfield code="a">Haydn, Joseph,</subfield>
    <subfield code="d">1732-1809. -</subfield>
    <subfield code="t">Werke</subfield>
    <subfield code="h">[Musique imprimée]</subfield>
    <subfield code="v">28,1</subfield>
  </datafield>
  <datafield tag="956" ind1=" " ind2=" ">
    <subfield code="a">frbcuc</subfield>
  </datafield>
  <datafield tag="981" ind1=" " ind2=" ">
    <subfield code="2">SM</subfield>
    <subfield code="a">OB</subfield>
  </datafield>
</record>