
<record>
  <leader>00845nam a22002652a 4500</leader>
  <controlfield tag="001">vtls006031521</controlfield>
  <controlfield tag="005">20180403163000.0</controlfield>
  <controlfield tag="008">110218s1999    fr ||| |  ||||00|  |fre d</controlfield>
  <datafield tag="019" ind1=" " ind2=" ">
    <subfield code="a">Notice créée dans le cadre de la migration de la BM Delémont</subfield>
    <subfield code="9">jubmdj/04.2011</subfield>
  </datafield>
  <datafield tag="020" ind1=" " ind2=" ">
    <subfield code="a">9782840382751</subfield>
  </datafield>
  <datafield tag="035" ind1=" " ind2=" ">
    <subfield code="a">R006031521</subfield>
  </datafield>
  <datafield tag="039" ind1=" " ind2="9">
    <subfield code="a">201804031630</subfield>
    <subfield code="b">VLOAD</subfield>
    <subfield code="c">201705301331</subfield>
    <subfield code="d">VLOAD</subfield>
    <subfield code="c">201106191809</subfield>
    <subfield code="d">VLOAD</subfield>
    <subfield code="y">201106171541</subfield>
    <subfield code="z">VLOAD</subfield>
  </datafield>
  <datafield tag="040" ind1=" " ind2=" ">
    <subfield code="a">RERO jubmdj</subfield>
  </datafield>
  <datafield tag="072" ind1=" " ind2="7">
    <subfield code="a">s1zz</subfield>
    <subfield code="2">rero</subfield>
  </datafield>
  <datafield tag="100" ind1="1" ind2=" ">
    <subfield code="0">(RERO)A003145289</subfield>
    <subfield code="a">Crouzet, Yves</subfield>
    <subfield code="4">cre</subfield>
  </datafield>
  <datafield tag="245" ind1="1" ind2="4">
    <subfield code="a">Des bambous dans tous les jardins /</subfield>
    <subfield code="c">Yves Crouzet</subfield>
  </datafield>
  <datafield tag="264" ind1=" " ind2="1">
    <subfield code="a">Paris :</subfield>
    <subfield code="b">Rustica,</subfield>
    <subfield code="c">1999</subfield>
  </datafield>
  <datafield tag="300" ind1=" " ind2=" ">
    <subfield code="a">119 p. :</subfield>
    <subfield code="b">ill. ;</subfield>
    <subfield code="c">25 cm</subfield>
  </datafield>
  <datafield tag="336" ind1=" " ind2=" ">
    <subfield code="b">txt</subfield>
    <subfield code="2">rdacontent</subfield>
  </datafield>
  <datafield tag="337" ind1=" " ind2=" ">
    <subfield code="b">n</subfield>
    <subfield code="2">rdamedia</subfield>
  </datafield>
  <datafield tag="338" ind1=" " ind2=" ">
    <subfield code="b">nc</subfield>
    <subfield code="2">rdacarrier</subfield>
  </datafield>
  <datafield tag="904" ind1=" " ind2=" ">
    <subfield code="a">jubmdjre op103470</subfield>
  </datafield>
  <datafield tag="960" ind1=" " ind2=" ">
    <subfield code="a">jubmdj</subfield>
  </datafield>
  <datafield tag="984" ind1=" " ind2=" ">
    <subfield code="2">jubmd</subfield>
    <subfield code="a">581</subfield>
  </datafield>
  <datafield tag="984" ind1=" " ind2=" ">
    <subfield code="2">jubmd</subfield>
    <subfield code="a">BAMBOU</subfield>
  </datafield>
</record>