
<record>
  <leader>01273nam a2200325 a 4500</leader>
  <controlfield tag="001">vtls000374128</controlfield>
  <controlfield tag="005">20170610194100.0</controlfield>
  <controlfield tag="008">960525s1977    gw |||||| ||||00|| |ger d</controlfield>
  <datafield tag="020" ind1=" " ind2=" ">
    <subfield code="a">9783871182501</subfield>
  </datafield>
  <datafield tag="035" ind1=" " ind2=" ">
    <subfield code="a">0405628</subfield>
  </datafield>
  <datafield tag="039" ind1=" " ind2="9">
    <subfield code="a">201706101941</subfield>
    <subfield code="b">VLOAD</subfield>
    <subfield code="c">201704031056</subfield>
    <subfield code="d">VLOAD</subfield>
    <subfield code="c">200812231251</subfield>
    <subfield code="d">VLOAD</subfield>
    <subfield code="c">200812230427</subfield>
    <subfield code="d">VLOAD</subfield>
    <subfield code="y">1999022719380000</subfield>
    <subfield code="z">load</subfield>
  </datafield>
  <datafield tag="040" ind1=" " ind2=" ">
    <subfield code="a">RERO</subfield>
  </datafield>
  <datafield tag="072" ind1=" " ind2="7">
    <subfield code="a">s1al</subfield>
    <subfield code="2">rero</subfield>
  </datafield>
  <datafield tag="100" ind1="1" ind2=" ">
    <subfield code="0">(RERO)A003919625</subfield>
    <subfield code="a">Ungeheuer, Gerold</subfield>
    <subfield code="4">cre</subfield>
  </datafield>
  <datafield tag="245" ind1="1" ind2="0">
    <subfield code="a">Materialien zur Phonetik des Deutschen /</subfield>
    <subfield code="c">Gerold Ungeheuer</subfield>
  </datafield>
  <datafield tag="264" ind1=" " ind2="1">
    <subfield code="a">Hamburg :</subfield>
    <subfield code="b">H. Buske,</subfield>
    <subfield code="c">[1977]</subfield>
  </datafield>
  <datafield tag="264" ind1=" " ind2="4">
    <subfield code="c">© 1977</subfield>
  </datafield>
  <datafield tag="300" ind1=" " ind2=" ">
    <subfield code="a">159 p. :</subfield>
    <subfield code="b">ill. ;</subfield>
    <subfield code="c">21 cm</subfield>
  </datafield>
  <datafield tag="336" ind1=" " ind2=" ">
    <subfield code="b">txt</subfield>
    <subfield code="2">rdacontent</subfield>
  </datafield>
  <datafield tag="337" ind1=" " ind2=" ">
    <subfield code="b">n</subfield>
    <subfield code="2">rdamedia</subfield>
  </datafield>
  <datafield tag="338" ind1=" " ind2=" ">
    <subfield code="b">nc</subfield>
    <subfield code="2">rdacarrier</subfield>
  </datafield>
  <datafield tag="490" ind1="1" ind2=" ">
    <subfield code="a">Forschungsberichte des Instituts für Kommunikationsforschung und Phonetik der Universität Bonn</subfield>
    <subfield code="v">Bd. 61. Reihe 2, Phonetik und Phonologie</subfield>
  </datafield>
  <datafield tag="650" ind1=" " ind2="7">
    <subfield code="0">(RERO)A021101102</subfield>
    <subfield code="a">Allemand (langue)</subfield>
    <subfield code="2">rero</subfield>
  </datafield>
  <datafield tag="650" ind1=" " ind2="7">
    <subfield code="0">(RERO)A021099875</subfield>
    <subfield code="a">Phonétique</subfield>
    <subfield code="2">rero</subfield>
  </datafield>
  <datafield tag="830" ind1=" " ind2="0">
    <subfield code="a">Forschungsberichte des Instituts fuer Kommunikationsforschung und Phonetik der Universitaet Bonn</subfield>
    <subfield code="v">61 2</subfield>
  </datafield>
  <datafield tag="919" ind1=" " ind2=" ">
    <subfield code="9">650 _7</subfield>
    <subfield code="a">allemand (langue)</subfield>
    <subfield code="x">phonétique</subfield>
    <subfield code="2">chrero</subfield>
  </datafield>
  <datafield tag="956" ind1=" " ind2=" ">
    <subfield code="a">frbcuc</subfield>
  </datafield>
  <datafield tag="957" ind1=" " ind2=" ">
    <subfield code="a">geulal</subfield>
  </datafield>
  <datafield tag="982" ind1=" " ind2=" ">
    <subfield code="2">ge-ulal</subfield>
    <subfield code="a">L/B 2a*UNGE Mat zpd</subfield>
  </datafield>
  <datafield tag="992" ind1=" " ind2=" ">
    <subfield code="a">BFLA 130</subfield>
    <subfield code="x">ge/ulal/a/83/0051</subfield>
  </datafield>
</record>