
<record>
  <leader>01178nam a2200325 a 4500</leader>
  <controlfield tag="001">vtls006089627</controlfield>
  <controlfield tag="005">20190122110100.0</controlfield>
  <controlfield tag="008">110629s2001    bl ||| |  ||||00|  |por d</controlfield>
  <datafield tag="020" ind1=" " ind2=" ">
    <subfield code="a">9788570980724</subfield>
  </datafield>
  <datafield tag="035" ind1=" " ind2=" ">
    <subfield code="a">R006089627</subfield>
  </datafield>
  <datafield tag="039" ind1=" " ind2="7">
    <subfield code="b">9577</subfield>
    <subfield code="b">6303</subfield>
  </datafield>
  <datafield tag="039" ind1=" " ind2="9">
    <subfield code="a">201901221101</subfield>
    <subfield code="b">9577</subfield>
    <subfield code="c">201710121736</subfield>
    <subfield code="d">AUTHORITY</subfield>
    <subfield code="c">201706110901</subfield>
    <subfield code="d">VLOAD</subfield>
    <subfield code="c">201202131807</subfield>
    <subfield code="d">3307</subfield>
    <subfield code="y">201106291529</subfield>
    <subfield code="z">8970</subfield>
  </datafield>
  <datafield tag="040" ind1=" " ind2=" ">
    <subfield code="a">RERO lamubo</subfield>
  </datafield>
  <datafield tag="072" ind1=" " ind2="7">
    <subfield code="a">s1bo</subfield>
    <subfield code="2">rero</subfield>
  </datafield>
  <datafield tag="100" ind1="1" ind2=" ">
    <subfield code="0">(RERO)A018446648</subfield>
    <subfield code="a">Santos, João Ubiratan Moreira dos</subfield>
    <subfield code="4">cre</subfield>
  </datafield>
  <datafield tag="245" ind1="1" ind2="2">
    <subfield code="a">O gênero &apos;Aspilia&apos; Thou. (&apos;Asteraceae&apos;-&apos;Heliantheae&apos;) no Brasil /</subfield>
    <subfield code="c">João Ubiratan Moreira dos Santos</subfield>
  </datafield>
  <datafield tag="264" ind1=" " ind2="1">
    <subfield code="a">Belém :</subfield>
    <subfield code="b">Museu Paraense Emílio Goeldi,</subfield>
    <subfield code="c">2001</subfield>
  </datafield>
  <datafield tag="300" ind1=" " ind2=" ">
    <subfield code="a">301 p. :</subfield>
    <subfield code="b">ill.</subfield>
  </datafield>
  <datafield tag="336" ind1=" " ind2=" ">
    <subfield code="b">txt</subfield>
    <subfield code="2">rdacontent</subfield>
  </datafield>
  <datafield tag="337" ind1=" " ind2=" ">
    <subfield code="b">n</subfield>
    <subfield code="2">rdamedia</subfield>
  </datafield>
  <datafield tag="338" ind1=" " ind2=" ">
    <subfield code="b">nc</subfield>
    <subfield code="2">rdacarrier</subfield>
  </datafield>
  <datafield tag="650" ind1=" " ind2="7">
    <subfield code="0">(RERO)A027771205</subfield>
    <subfield code="a">Wedelia (Compositae) [Taxonomie]</subfield>
    <subfield code="2">rero</subfield>
  </datafield>
  <datafield tag="651" ind1=" " ind2="7">
    <subfield code="0">(RERO)A009956940</subfield>
    <subfield code="a">Brésil</subfield>
    <subfield code="2">rero</subfield>
  </datafield>
  <datafield tag="902" ind1=" " ind2=" ">
    <subfield code="a">gevcjb</subfield>
    <subfield code="b">2011/08</subfield>
  </datafield>
  <datafield tag="919" ind1=" " ind2=" ">
    <subfield code="9">650 _7</subfield>
    <subfield code="a">Wedelia (Compositae)</subfield>
    <subfield code="z">Brésil</subfield>
    <subfield code="2">chrero</subfield>
  </datafield>
  <datafield tag="957" ind1=" " ind2=" ">
    <subfield code="a">gevcjb</subfield>
  </datafield>
  <datafield tag="962" ind1=" " ind2=" ">
    <subfield code="a">nebpun</subfield>
  </datafield>
  <datafield tag="982" ind1=" " ind2=" ">
    <subfield code="2">cdu-gevcjb</subfield>
    <subfield code="a">M2 COMP Wede (81) San</subfield>
  </datafield>
  <datafield tag="992" ind1=" " ind2=" ">
    <subfield code="a">BOTA 39108</subfield>
    <subfield code="x">ge/vcjb/e/11/197062</subfield>
  </datafield>
  <datafield tag="994" ind1=" " ind2=" ">
    <subfield code="a">BPUN 6Y 349</subfield>
    <subfield code="x">ne/snat/x/2012/332</subfield>
  </datafield>
</record>