
<record>
  <leader>01143nam a2200325 a 4500</leader>
  <controlfield tag="001">vtls001044022</controlfield>
  <controlfield tag="005">20190314180800.0</controlfield>
  <controlfield tag="008">890815s1983    ja |||||| ||||00|| |jpn d</controlfield>
  <datafield tag="020" ind1=" " ind2=" ">
    <subfield code="a">9784259535490</subfield>
  </datafield>
  <datafield tag="035" ind1=" " ind2=" ">
    <subfield code="a">1143286</subfield>
  </datafield>
  <datafield tag="039" ind1=" " ind2="9">
    <subfield code="a">201903141808</subfield>
    <subfield code="b">AUTHORITY</subfield>
    <subfield code="c">201812081511</subfield>
    <subfield code="d">VLOAD</subfield>
    <subfield code="c">201706101110</subfield>
    <subfield code="d">VLOAD</subfield>
    <subfield code="c">200812220151</subfield>
    <subfield code="d">VLOAD</subfield>
    <subfield code="y">1999022812410000</subfield>
    <subfield code="z">load</subfield>
  </datafield>
  <datafield tag="040" ind1=" " ind2=" ">
    <subfield code="a">RERO gevcjb</subfield>
  </datafield>
  <datafield tag="041" ind1="0" ind2=" ">
    <subfield code="a">jpn</subfield>
    <subfield code="a">lat</subfield>
  </datafield>
  <datafield tag="072" ind1=" " ind2="7">
    <subfield code="a">s1bo</subfield>
    <subfield code="2">rero</subfield>
  </datafield>
  <datafield tag="100" ind1="1" ind2=" ">
    <subfield code="0">(RERO)A003466944</subfield>
    <subfield code="a">Kondo, Katsuhiko</subfield>
    <subfield code="4">cre</subfield>
  </datafield>
  <datafield tag="245" ind1="1" ind2="0">
    <subfield code="a">Carnivorous plants of the world in color /</subfield>
    <subfield code="c">Katsuhiko Kondo, Masahiro Kondo</subfield>
  </datafield>
  <datafield tag="264" ind1=" " ind2="1">
    <subfield code="a">Tokyo :</subfield>
    <subfield code="b">Ienohikari Association,</subfield>
    <subfield code="c">[1983]</subfield>
  </datafield>
  <datafield tag="264" ind1=" " ind2="4">
    <subfield code="c">© 1983</subfield>
  </datafield>
  <datafield tag="300" ind1=" " ind2=" ">
    <subfield code="a">230 p. :</subfield>
    <subfield code="b">ill. ;</subfield>
    <subfield code="c">19 cm</subfield>
  </datafield>
  <datafield tag="336" ind1=" " ind2=" ">
    <subfield code="b">txt</subfield>
    <subfield code="2">rdacontent</subfield>
  </datafield>
  <datafield tag="337" ind1=" " ind2=" ">
    <subfield code="b">n</subfield>
    <subfield code="2">rdamedia</subfield>
  </datafield>
  <datafield tag="338" ind1=" " ind2=" ">
    <subfield code="b">nc</subfield>
    <subfield code="2">rdacarrier</subfield>
  </datafield>
  <datafield tag="500" ind1=" " ind2=" ">
    <subfield code="a">Cat. d&apos;après le titre anglais</subfield>
  </datafield>
  <datafield tag="650" ind1=" " ind2="7">
    <subfield code="0">(RERO)A010132929</subfield>
    <subfield code="a">plante carnivore</subfield>
    <subfield code="2">rerovoc</subfield>
  </datafield>
  <datafield tag="655" ind1=" " ind2="7">
    <subfield code="0">(RERO)A021100003</subfield>
    <subfield code="a">[Guides pratiques]</subfield>
    <subfield code="2">rero</subfield>
  </datafield>
  <datafield tag="700" ind1="1" ind2=" ">
    <subfield code="0">(RERO)A003466946</subfield>
    <subfield code="a">Kondo, Masahiro</subfield>
  </datafield>
  <datafield tag="919" ind1=" " ind2=" ">
    <subfield code="9">650 _7</subfield>
    <subfield code="a">plante carnivore</subfield>
    <subfield code="v">[guide]</subfield>
    <subfield code="2">chrero</subfield>
  </datafield>
  <datafield tag="957" ind1=" " ind2=" ">
    <subfield code="a">gevcjb</subfield>
  </datafield>
  <datafield tag="982" ind1=" " ind2=" ">
    <subfield code="2">cdu-gevcjb</subfield>
    <subfield code="a">58 Kon</subfield>
  </datafield>
  <datafield tag="992" ind1=" " ind2=" ">
    <subfield code="a">BOTA 4062</subfield>
    <subfield code="1">cdu-gevcjb</subfield>
    <subfield code="x">ge/vcjb/a/85/248</subfield>
  </datafield>
</record>