
<record>
  <leader>01093nam a2200313 a 4500</leader>
  <controlfield tag="001">vtls003404321</controlfield>
  <controlfield tag="005">20180831131600.0</controlfield>
  <controlfield tag="008">030909s2003    xxk||| |  ||||00|  |eng d</controlfield>
  <datafield tag="020" ind1=" " ind2=" ">
    <subfield code="a">9780199249053</subfield>
  </datafield>
  <datafield tag="035" ind1=" " ind2=" ">
    <subfield code="a">R003404321</subfield>
  </datafield>
  <datafield tag="039" ind1=" " ind2="7">
    <subfield code="b">8019</subfield>
  </datafield>
  <datafield tag="039" ind1=" " ind2="9">
    <subfield code="a">201808311316</subfield>
    <subfield code="b">VLOAD</subfield>
    <subfield code="c">201808081843</subfield>
    <subfield code="d">VLOAD</subfield>
    <subfield code="c">201807271619</subfield>
    <subfield code="d">VLOAD</subfield>
    <subfield code="c">201711251950</subfield>
    <subfield code="d">VLOAD</subfield>
    <subfield code="y">200309091220</subfield>
    <subfield code="z">8021</subfield>
  </datafield>
  <datafield tag="040" ind1=" " ind2=" ">
    <subfield code="a">RERO labcud</subfield>
  </datafield>
  <datafield tag="072" ind1=" " ind2="7">
    <subfield code="a">s1lg</subfield>
    <subfield code="2">rero</subfield>
  </datafield>
  <datafield tag="100" ind1="1" ind2=" ">
    <subfield code="0">(RERO)A003421596</subfield>
    <subfield code="a">Jasanoff, Jay H</subfield>
    <subfield code="4">cre</subfield>
  </datafield>
  <datafield tag="245" ind1="1" ind2="0">
    <subfield code="a">Hittite and the Indo-European verb /</subfield>
    <subfield code="c">Jay H. Jasanoff</subfield>
  </datafield>
  <datafield tag="264" ind1=" " ind2="1">
    <subfield code="a">Oxford :</subfield>
    <subfield code="b">Oxford Univ. press,</subfield>
    <subfield code="c">2003</subfield>
  </datafield>
  <datafield tag="300" ind1=" " ind2=" ">
    <subfield code="a">XIV, 270 p. ;</subfield>
    <subfield code="c">25 cm</subfield>
  </datafield>
  <datafield tag="336" ind1=" " ind2=" ">
    <subfield code="b">txt</subfield>
    <subfield code="2">rdacontent</subfield>
  </datafield>
  <datafield tag="337" ind1=" " ind2=" ">
    <subfield code="b">n</subfield>
    <subfield code="2">rdamedia</subfield>
  </datafield>
  <datafield tag="338" ind1=" " ind2=" ">
    <subfield code="b">nc</subfield>
    <subfield code="2">rdacarrier</subfield>
  </datafield>
  <datafield tag="650" ind1=" " ind2="7">
    <subfield code="0">(RERO)A021100925</subfield>
    <subfield code="a">Hittite (langue)</subfield>
    <subfield code="2">rero</subfield>
  </datafield>
  <datafield tag="650" ind1=" " ind2="7">
    <subfield code="0">(RERO)A021096198</subfield>
    <subfield code="a">Verbes</subfield>
    <subfield code="2">rero</subfield>
  </datafield>
  <datafield tag="650" ind1=" " ind2="7">
    <subfield code="0">(RERO)A021023668</subfield>
    <subfield code="a">Indo-européen commun (langue)</subfield>
    <subfield code="2">rero</subfield>
  </datafield>
  <datafield tag="902" ind1=" " ind2=" ">
    <subfield code="a">geulsa</subfield>
    <subfield code="b">2004/01</subfield>
  </datafield>
  <datafield tag="919" ind1=" " ind2=" ">
    <subfield code="9">650 _7</subfield>
    <subfield code="a">hittite (langue)</subfield>
    <subfield code="x">proto-indo-européen (langue)</subfield>
    <subfield code="x">verbe</subfield>
    <subfield code="2">chrero</subfield>
  </datafield>
  <datafield tag="957" ind1=" " ind2=" ">
    <subfield code="a">geulsa</subfield>
  </datafield>
  <datafield tag="982" ind1=" " ind2=" ">
    <subfield code="2">ge-ulsa</subfield>
    <subfield code="a">GC:4 Hitt*1306</subfield>
  </datafield>
  <datafield tag="992" ind1=" " ind2=" ">
    <subfield code="a">BFLA 165113</subfield>
    <subfield code="x">ge/ulsa/a/04/31</subfield>
  </datafield>
</record>