
<record>
  <leader>01130nam a2200337 a 4500</leader>
  <controlfield tag="001">vtls002670820</controlfield>
  <controlfield tag="005">20180703150700.0</controlfield>
  <controlfield tag="008">000916s2000    sz |||||| ||||00|  |ger d</controlfield>
  <datafield tag="020" ind1=" " ind2=" ">
    <subfield code="a">9783857645211</subfield>
  </datafield>
  <datafield tag="035" ind1=" " ind2=" ">
    <subfield code="a">R267082060</subfield>
  </datafield>
  <datafield tag="039" ind1=" " ind2=" ">
    <subfield code="b">0021</subfield>
    <subfield code="b">0113i</subfield>
  </datafield>
  <datafield tag="039" ind1=" " ind2="9">
    <subfield code="a">201807031507</subfield>
    <subfield code="b">VLOAD</subfield>
    <subfield code="c">201706111116</subfield>
    <subfield code="d">VLOAD</subfield>
    <subfield code="c">200812210820</subfield>
    <subfield code="d">VLOAD</subfield>
    <subfield code="c">200406160610</subfield>
    <subfield code="d">VLOAD</subfield>
    <subfield code="y">200009161918</subfield>
    <subfield code="z">VLOAD</subfield>
  </datafield>
  <datafield tag="040" ind1=" " ind2=" ">
    <subfield code="a">RERO frbcuc</subfield>
  </datafield>
  <datafield tag="044" ind1=" " ind2=" ">
    <subfield code="a">sz</subfield>
    <subfield code="c">ch-fr</subfield>
  </datafield>
  <datafield tag="072" ind1=" " ind2="7">
    <subfield code="a">s1th</subfield>
    <subfield code="2">rero</subfield>
  </datafield>
  <datafield tag="100" ind1="1" ind2=" ">
    <subfield code="0">(RERO)A002903975</subfield>
    <subfield code="a">Abeln, Reinhard,</subfield>
    <subfield code="d">1938-</subfield>
    <subfield code="4">cre</subfield>
  </datafield>
  <datafield tag="245" ind1="1" ind2="0">
    <subfield code="a">Schenk Liebe ... und dein Leben hat einen Sinn /</subfield>
    <subfield code="c">Reinhard Abeln, Anton Kner</subfield>
  </datafield>
  <datafield tag="264" ind1=" " ind2="1">
    <subfield code="a">Freiburg Schweiz :</subfield>
    <subfield code="b">Kanisius Verl.,</subfield>
    <subfield code="c">[2000]</subfield>
  </datafield>
  <datafield tag="264" ind1=" " ind2="3">
    <subfield code="a">Freiburg Schweiz :</subfield>
    <subfield code="b">Kanisiusdruck.</subfield>
  </datafield>
  <datafield tag="264" ind1=" " ind2="4">
    <subfield code="c">© 2000</subfield>
  </datafield>
  <datafield tag="300" ind1=" " ind2=" ">
    <subfield code="a">32 S. ;</subfield>
    <subfield code="c">17 cm</subfield>
  </datafield>
  <datafield tag="336" ind1=" " ind2=" ">
    <subfield code="b">txt</subfield>
    <subfield code="2">rdacontent</subfield>
  </datafield>
  <datafield tag="337" ind1=" " ind2=" ">
    <subfield code="b">n</subfield>
    <subfield code="2">rdamedia</subfield>
  </datafield>
  <datafield tag="338" ind1=" " ind2=" ">
    <subfield code="b">nc</subfield>
    <subfield code="2">rdacarrier</subfield>
  </datafield>
  <datafield tag="650" ind1=" " ind2="7">
    <subfield code="0">(RERO)A021001036</subfield>
    <subfield code="a">Amour</subfield>
    <subfield code="2">rero</subfield>
  </datafield>
  <datafield tag="650" ind1=" " ind2="7">
    <subfield code="0">(RERO)A021096347</subfield>
    <subfield code="a">Don</subfield>
    <subfield code="2">rero</subfield>
  </datafield>
  <datafield tag="650" ind1=" " ind2="7">
    <subfield code="0">(RERO)A021052509</subfield>
    <subfield code="a">Gratitude</subfield>
    <subfield code="2">rero</subfield>
  </datafield>
  <datafield tag="700" ind1="1" ind2=" ">
    <subfield code="0">(RERO)A003461608</subfield>
    <subfield code="a">Kner, Anton,</subfield>
    <subfield code="d">1911-2003</subfield>
  </datafield>
  <datafield tag="901" ind1=" " ind2=" ">
    <subfield code="a">frimp</subfield>
  </datafield>
  <datafield tag="919" ind1=" " ind2=" ">
    <subfield code="9">650 _7</subfield>
    <subfield code="a">amour</subfield>
    <subfield code="x">don</subfield>
    <subfield code="x">gratitude</subfield>
    <subfield code="2">chrero</subfield>
  </datafield>
  <datafield tag="956" ind1=" " ind2=" ">
    <subfield code="a">frbcuc</subfield>
  </datafield>
</record>