
<record>
  <leader>00812naa a22002297a 4500</leader>
  <controlfield tag="001">vtls003441520</controlfield>
  <controlfield tag="005">20170518130800.0</controlfield>
  <controlfield tag="008">980412s1970    xx ||| |  ||||00|  0eng d</controlfield>
  <datafield tag="035" ind1=" " ind2=" ">
    <subfield code="a">R003441520</subfield>
  </datafield>
  <datafield tag="039" ind1=" " ind2="9">
    <subfield code="a">201705181308</subfield>
    <subfield code="b">VLOAD</subfield>
    <subfield code="c">201605141117</subfield>
    <subfield code="d">VLOAD</subfield>
    <subfield code="c">201210191801</subfield>
    <subfield code="d">VLOAD</subfield>
    <subfield code="c">201112192151</subfield>
    <subfield code="d">VLOAD</subfield>
    <subfield code="y">200506232304</subfield>
    <subfield code="z">VLOAD</subfield>
  </datafield>
  <datafield tag="040" ind1=" " ind2=" ">
    <subfield code="a">RERO gewcc-</subfield>
  </datafield>
  <datafield tag="072" ind1=" " ind2="7">
    <subfield code="a">s1th</subfield>
    <subfield code="2">rero</subfield>
  </datafield>
  <datafield tag="100" ind1="1" ind2=" ">
    <subfield code="0">(RERO)A003171937</subfield>
    <subfield code="a">Deschner, John</subfield>
    <subfield code="4">cre</subfield>
  </datafield>
  <datafield tag="245" ind1="1" ind2="0">
    <subfield code="a">Ecclesiological aspects of the race problem /</subfield>
    <subfield code="c">J. Deschner</subfield>
  </datafield>
  <datafield tag="264" ind1=" " ind2="1">
    <subfield code="c">1970</subfield>
  </datafield>
  <datafield tag="336" ind1=" " ind2=" ">
    <subfield code="b">txt</subfield>
    <subfield code="2">rdacontent</subfield>
  </datafield>
  <datafield tag="337" ind1=" " ind2=" ">
    <subfield code="b">n</subfield>
    <subfield code="2">rdamedia</subfield>
  </datafield>
  <datafield tag="338" ind1=" " ind2=" ">
    <subfield code="b">nc</subfield>
    <subfield code="2">rdacarrier</subfield>
  </datafield>
  <datafield tag="580" ind1=" " ind2=" ">
    <subfield code="a">In: International Review of Mission ; v. 59 (July 1970) p. 285-295</subfield>
  </datafield>
  <datafield tag="773" ind1="1" ind2=" ">
    <subfield code="t">International review of mission</subfield>
    <subfield code="g">v. 59 (July 1970) p. 285-295</subfield>
  </datafield>
  <datafield tag="957" ind1=" " ind2=" ">
    <subfield code="a">gewcc-</subfield>
  </datafield>
  <datafield tag="982" ind1=" " ind2=" ">
    <subfield code="2">wccsh</subfield>
    <subfield code="a">Racism</subfield>
    <subfield code="d">Ecumenical movement</subfield>
  </datafield>
</record>