
<record>
  <leader>00872naa a2200241 a 4500</leader>
  <controlfield tag="001">vtls005452827</controlfield>
  <controlfield tag="005">20180329165300.0</controlfield>
  <controlfield tag="008">100526s1861    au ||| |  ||||01|  |ger d</controlfield>
  <datafield tag="035" ind1=" " ind2=" ">
    <subfield code="a">R005452827</subfield>
  </datafield>
  <datafield tag="039" ind1=" " ind2="9">
    <subfield code="a">201803291653</subfield>
    <subfield code="b">VLOAD</subfield>
    <subfield code="c">201801271428</subfield>
    <subfield code="d">VLOAD</subfield>
    <subfield code="c">201705291908</subfield>
    <subfield code="d">VLOAD</subfield>
    <subfield code="c">201509041625</subfield>
    <subfield code="d">0023</subfield>
    <subfield code="y">201005260755</subfield>
    <subfield code="z">Medea03</subfield>
  </datafield>
  <datafield tag="040" ind1=" " ind2=" ">
    <subfield code="a">RERO frbcuc</subfield>
  </datafield>
  <datafield tag="072" ind1=" " ind2="7">
    <subfield code="a">s1ht</subfield>
    <subfield code="2">rero</subfield>
  </datafield>
  <datafield tag="100" ind1="1" ind2=" ">
    <subfield code="0">(RERO)A000009678</subfield>
    <subfield code="a">Arndts von Arnesberg, Karl Ludwig,</subfield>
    <subfield code="d">1803-1878</subfield>
    <subfield code="4">cre</subfield>
  </datafield>
  <datafield tag="245" ind1="1" ind2="0">
    <subfield code="a">Rede zur Feier des Andenkens an Friedrich Karl von Savigny ... am 31. Oktober 1861 /</subfield>
    <subfield code="c">gehalten von Dr. Arndts</subfield>
  </datafield>
  <datafield tag="264" ind1=" " ind2="1">
    <subfield code="a">[Wien] :</subfield>
    <subfield code="b">[éditeur non identifié],</subfield>
    <subfield code="c">[1861]</subfield>
  </datafield>
  <datafield tag="300" ind1=" " ind2=" ">
    <subfield code="a">21 S.</subfield>
  </datafield>
  <datafield tag="336" ind1=" " ind2=" ">
    <subfield code="b">txt</subfield>
    <subfield code="2">rdacontent</subfield>
  </datafield>
  <datafield tag="337" ind1=" " ind2=" ">
    <subfield code="b">n</subfield>
    <subfield code="2">rdamedia</subfield>
  </datafield>
  <datafield tag="338" ind1=" " ind2=" ">
    <subfield code="b">nc</subfield>
    <subfield code="2">rdacarrier</subfield>
  </datafield>
  <datafield tag="500" ind1=" " ind2=" ">
    <subfield code="a">Aus: K. Wiener Zeitung</subfield>
  </datafield>
  <datafield tag="700" ind1="1" ind2=" ">
    <subfield code="0">(RERO)A000144580</subfield>
    <subfield code="a">Savigny, Friedrich Karl von</subfield>
  </datafield>
  <datafield tag="901" ind1=" " ind2=" ">
    <subfield code="a">recatfr01</subfield>
  </datafield>
  <datafield tag="956" ind1=" " ind2=" ">
    <subfield code="a">frbcuc</subfield>
  </datafield>
</record>