
<record>
  <leader>02479nam a2200349 a 4500</leader>
  <controlfield tag="001">vtls006034120</controlfield>
  <controlfield tag="005">20180403165200.0</controlfield>
  <controlfield tag="008">110218s2003    fr ||| |  ||||00|  |fre d</controlfield>
  <datafield tag="019" ind1=" " ind2=" ">
    <subfield code="a">Notice créée dans le cadre de la migration de la BM Delémont</subfield>
    <subfield code="9">jubmda/06.2011</subfield>
  </datafield>
  <datafield tag="020" ind1=" " ind2=" ">
    <subfield code="a">9782211091022</subfield>
  </datafield>
  <datafield tag="035" ind1=" " ind2=" ">
    <subfield code="a">R006034120</subfield>
  </datafield>
  <datafield tag="039" ind1=" " ind2="9">
    <subfield code="a">201804031652</subfield>
    <subfield code="b">VLOAD</subfield>
    <subfield code="c">201705301336</subfield>
    <subfield code="d">VLOAD</subfield>
    <subfield code="c">201605151652</subfield>
    <subfield code="d">VLOAD</subfield>
    <subfield code="c">201308261130</subfield>
    <subfield code="d">8694</subfield>
    <subfield code="y">201106171555</subfield>
    <subfield code="z">VLOAD</subfield>
  </datafield>
  <datafield tag="040" ind1=" " ind2=" ">
    <subfield code="a">RERO jubmda</subfield>
  </datafield>
  <datafield tag="041" ind1="1" ind2=" ">
    <subfield code="a">fre</subfield>
    <subfield code="h">eng</subfield>
  </datafield>
  <datafield tag="072" ind1=" " ind2="7">
    <subfield code="a">s1an</subfield>
    <subfield code="2">rero</subfield>
  </datafield>
  <datafield tag="100" ind1="1" ind2=" ">
    <subfield code="0">(RERO)A005493756</subfield>
    <subfield code="a">Treviño, Elizabeth Borton de</subfield>
    <subfield code="4">cre</subfield>
  </datafield>
  <datafield tag="245" ind1="1" ind2="0">
    <subfield code="a">Je suis Juan de Pareja :</subfield>
    <subfield code="b">né esclave à Séville, élève en secret de Velazquez, peintre malgré tout /</subfield>
    <subfield code="c">Elizabeth Borton de Treviño ; trad. de l&apos;américain par Tessa Brisac</subfield>
  </datafield>
  <datafield tag="264" ind1=" " ind2="1">
    <subfield code="a">Paris :</subfield>
    <subfield code="b">Ecole des loisirs,</subfield>
    <subfield code="c">2003</subfield>
  </datafield>
  <datafield tag="300" ind1=" " ind2=" ">
    <subfield code="a">333 p. ;</subfield>
    <subfield code="c">20 cm</subfield>
  </datafield>
  <datafield tag="336" ind1=" " ind2=" ">
    <subfield code="b">txt</subfield>
    <subfield code="2">rdacontent</subfield>
  </datafield>
  <datafield tag="337" ind1=" " ind2=" ">
    <subfield code="b">n</subfield>
    <subfield code="2">rdamedia</subfield>
  </datafield>
  <datafield tag="338" ind1=" " ind2=" ">
    <subfield code="b">nc</subfield>
    <subfield code="2">rdacarrier</subfield>
  </datafield>
  <datafield tag="490" ind1="0" ind2=" ">
    <subfield code="a">Médium</subfield>
  </datafield>
  <datafield tag="500" ind1=" " ind2=" ">
    <subfield code="a">Traduit de: &quot;I Juan de Pareja&quot;</subfield>
  </datafield>
  <datafield tag="520" ind1="8" ind2=" ">
    <subfield code="a">Quand il rencontre Don Diego, à Madrid, vers 1625, Juan de Pareja a déjà appris beaucoup de choses de sa courte vie d&apos;esclave noir. Il a vu des gens mourir de la peste, et il a eu à se méfier d&apos;autres qui se disaient compatissants. Il a appris à lire et à ne pas s&apos;attirer les foudres de ces maîtres. Avec Don Diego, qui est le grand peintre Velázquez, il va voir s&apos;ouvrir devant lui un champ bien plus vaste de connaissances. Son nouveau maître, en effet, lui apprend comment regarder, mais le blesse en refusant de lui enseigner son art. C&apos;est que les esclaves n&apos;ont pas le droit de peindre. Pour la première fois, Juan, qui n&apos;est pas un rebelle, désobéit, agit en secret, parce qu&apos;il ne peut s&apos;en empêcher. Il découvre que l&apos;art doit être vrai, que c&apos;est &quot; la seule chose de la vie qui doive reposer sur la plus solide vérité, parce que, sinon, il ne sert à rien. &quot; Il apprend les règles de la lumière, et à capter, dans les portraits, les âmes emprisonnées. Aux côtés de Velázquez, il parcourt l&apos;Italie et l&apos;Espagne, rencontre Rubens et une jeune femme révoltée qui sait l&apos;avenir... [4e de couv.]</subfield>
    <subfield code="9">vdecfr/08.2013</subfield>
  </datafield>
  <datafield tag="700" ind1="1" ind2=" ">
    <subfield code="0">(RERO)A003044077</subfield>
    <subfield code="a">Brisac, Tessa</subfield>
  </datafield>
  <datafield tag="904" ind1=" " ind2=" ">
    <subfield code="a">jubmdare op130021</subfield>
  </datafield>
  <datafield tag="960" ind1=" " ind2=" ">
    <subfield code="a">jubmda</subfield>
  </datafield>
  <datafield tag="984" ind1=" " ind2=" ">
    <subfield code="2">jubmd</subfield>
    <subfield code="a">PEINTRE</subfield>
    <subfield code="e">[Fiction]</subfield>
  </datafield>
  <datafield tag="984" ind1=" " ind2=" ">
    <subfield code="2">jubmd</subfield>
    <subfield code="a">ROMAN HISTORIQUE</subfield>
    <subfield code="e">[Fiction]</subfield>
  </datafield>
  <datafield tag="984" ind1=" " ind2=" ">
    <subfield code="2">jubmd</subfield>
    <subfield code="a">ROMAN POUR ADOLESCENT</subfield>
    <subfield code="e">[Fiction]</subfield>
  </datafield>
  <datafield tag="984" ind1=" " ind2=" ">
    <subfield code="2">jubmd</subfield>
    <subfield code="a">VELASQUEZ, Diego Rodriguez de Silva</subfield>
    <subfield code="e">[Fiction]</subfield>
  </datafield>
</record>