
<record>
  <leader>01368naa a22003857a 4500</leader>
  <controlfield tag="001">vtls006070025</controlfield>
  <controlfield tag="005">20170611084600.0</controlfield>
  <controlfield tag="008">110608s2011    fr |||||| ||||00|| |fre d</controlfield>
  <datafield tag="019" ind1=" " ind2=" ">
    <subfield code="a">Cat. d&apos;après la couv.</subfield>
    <subfield code="9">vsbcvs/06.2011</subfield>
  </datafield>
  <datafield tag="035" ind1=" " ind2=" ">
    <subfield code="a">R006070025</subfield>
  </datafield>
  <datafield tag="039" ind1=" " ind2="7">
    <subfield code="b">1030</subfield>
  </datafield>
  <datafield tag="039" ind1=" " ind2="9">
    <subfield code="a">201706110846</subfield>
    <subfield code="b">VLOAD</subfield>
    <subfield code="c">201605160939</subfield>
    <subfield code="d">VLOAD</subfield>
    <subfield code="c">201508121458</subfield>
    <subfield code="d">VLOAD</subfield>
    <subfield code="c">201502031753</subfield>
    <subfield code="d">VLOAD</subfield>
    <subfield code="y">201106081009</subfield>
    <subfield code="z">1030</subfield>
  </datafield>
  <datafield tag="040" ind1=" " ind2=" ">
    <subfield code="a">RERO vsbcvs</subfield>
  </datafield>
  <datafield tag="072" ind1=" " ind2="7">
    <subfield code="a">s1me</subfield>
    <subfield code="2">rero</subfield>
  </datafield>
  <datafield tag="245" ind1="0" ind2="0">
    <subfield code="a">Spécial &quot;psy&quot; :</subfield>
    <subfield code="b">quand l&apos;esprit dérape</subfield>
  </datafield>
  <datafield tag="264" ind1=" " ind2="1">
    <subfield code="a">Paris :</subfield>
    <subfield code="b">Excelsior Publications,</subfield>
    <subfield code="c">2011</subfield>
  </datafield>
  <datafield tag="300" ind1=" " ind2=" ">
    <subfield code="a">150 p. :</subfield>
    <subfield code="b">ill.</subfield>
  </datafield>
  <datafield tag="336" ind1=" " ind2=" ">
    <subfield code="b">txt</subfield>
    <subfield code="2">rdacontent</subfield>
  </datafield>
  <datafield tag="337" ind1=" " ind2=" ">
    <subfield code="b">n</subfield>
    <subfield code="2">rdamedia</subfield>
  </datafield>
  <datafield tag="338" ind1=" " ind2=" ">
    <subfield code="b">nc</subfield>
    <subfield code="2">rdacarrier</subfield>
  </datafield>
  <datafield tag="490" ind1="1" ind2=" ">
    <subfield code="a">Science &amp; vie. Hors-série</subfield>
    <subfield code="v">no 255, juin 2011</subfield>
  </datafield>
  <datafield tag="650" ind1=" " ind2="7">
    <subfield code="0">(RERO)A021005950</subfield>
    <subfield code="a">Psychiatrie</subfield>
    <subfield code="2">rero</subfield>
  </datafield>
  <datafield tag="650" ind1=" " ind2="7">
    <subfield code="0">(RERO)A009955770</subfield>
    <subfield code="a">maladie mentale</subfield>
    <subfield code="2">rerovoc</subfield>
  </datafield>
  <datafield tag="655" ind1=" " ind2="7">
    <subfield code="0">(RERO)A022249905</subfield>
    <subfield code="a">[Études diverses]</subfield>
    <subfield code="2">rero</subfield>
  </datafield>
  <datafield tag="830" ind1=" " ind2="0">
    <subfield code="a">Science et vie.</subfield>
    <subfield code="p">Excelsior Publications.</subfield>
    <subfield code="p">Hors série</subfield>
    <subfield code="v">255, 2011</subfield>
  </datafield>
  <datafield tag="904" ind1=" " ind2=" ">
    <subfield code="a">bpunfar</subfield>
    <subfield code="b">1106</subfield>
    <subfield code="c">4fg</subfield>
  </datafield>
  <datafield tag="906" ind1=" " ind2=" ">
    <subfield code="a">bcvs</subfield>
    <subfield code="b">2011/06</subfield>
    <subfield code="c">09</subfield>
  </datafield>
  <datafield tag="906" ind1=" " ind2=" ">
    <subfield code="a">eccg</subfield>
    <subfield code="b">2011/06</subfield>
    <subfield code="c">06</subfield>
  </datafield>
  <datafield tag="919" ind1=" " ind2=" ">
    <subfield code="9">650 _7</subfield>
    <subfield code="a">psychiatrie</subfield>
    <subfield code="v">[études diverses]</subfield>
    <subfield code="2">chrero</subfield>
  </datafield>
  <datafield tag="919" ind1=" " ind2=" ">
    <subfield code="9">650 _7</subfield>
    <subfield code="a">maladie mentale</subfield>
    <subfield code="v">[études diverses]</subfield>
    <subfield code="2">chrero</subfield>
  </datafield>
  <datafield tag="962" ind1=" " ind2=" ">
    <subfield code="a">nebpun nelocl njhep-</subfield>
  </datafield>
  <datafield tag="973" ind1=" " ind2=" ">
    <subfield code="a">vsbcvs vseccg</subfield>
  </datafield>
  <datafield tag="984" ind1=" " ind2=" ">
    <subfield code="2">njhepm</subfield>
    <subfield code="a">psychopathologie</subfield>
  </datafield>
  <datafield tag="986" ind1=" " ind2=" ">
    <subfield code="2">cdu-vseccg</subfield>
    <subfield code="a">500</subfield>
  </datafield>
  <datafield tag="994" ind1=" " ind2=" ">
    <subfield code="a">LOV 616.89 SPE</subfield>
    <subfield code="x">--</subfield>
  </datafield>
</record>