
<record>
  <leader>01779nam a2200493 a 4500</leader>
  <controlfield tag="001">vtls000651321</controlfield>
  <controlfield tag="005">20180904155100.0</controlfield>
  <controlfield tag="008">001228s1986    sz |||||| ||||00|| |ger d</controlfield>
  <datafield tag="020" ind1=" " ind2=" ">
    <subfield code="a">9782826510154</subfield>
  </datafield>
  <datafield tag="035" ind1=" " ind2=" ">
    <subfield code="a">0719022</subfield>
  </datafield>
  <datafield tag="039" ind1=" " ind2="9">
    <subfield code="a">201809041551</subfield>
    <subfield code="b">1548</subfield>
    <subfield code="c">201808252328</subfield>
    <subfield code="d">VLOAD</subfield>
    <subfield code="c">201807011321</subfield>
    <subfield code="d">VLOAD</subfield>
    <subfield code="c">201804190908</subfield>
    <subfield code="d">VLOAD</subfield>
    <subfield code="y">1999022802460000</subfield>
    <subfield code="z">load</subfield>
  </datafield>
  <datafield tag="040" ind1=" " ind2=" ">
    <subfield code="a">RERO labcur</subfield>
  </datafield>
  <datafield tag="041" ind1="0" ind2=" ">
    <subfield code="a">ger</subfield>
    <subfield code="a">fre</subfield>
    <subfield code="a">eng</subfield>
  </datafield>
  <datafield tag="044" ind1=" " ind2=" ">
    <subfield code="a">sz</subfield>
    <subfield code="c">ch-vd</subfield>
  </datafield>
  <datafield tag="072" ind1=" " ind2="7">
    <subfield code="a">s1go</subfield>
    <subfield code="2">rero</subfield>
  </datafield>
  <datafield tag="072" ind1=" " ind2="7">
    <subfield code="a">s2se</subfield>
    <subfield code="2">rero</subfield>
  </datafield>
  <datafield tag="100" ind1="1" ind2=" ">
    <subfield code="0">(RERO)A003983695</subfield>
    <subfield code="a">Wolfensberger, Andreas</subfield>
    <subfield code="4">cre</subfield>
  </datafield>
  <datafield tag="245" ind1="1" ind2="0">
    <subfield code="a">Bahnland Schweiz =</subfield>
    <subfield code="b">Suisse pays du rail = Railway paradise Switzerland /</subfield>
    <subfield code="c">photos Andreas Wolfensberger ; text Hans Peter Treichler ; [trad. Kay Gillioz, Michel Thévenaz]</subfield>
  </datafield>
  <datafield tag="264" ind1=" " ind2="1">
    <subfield code="a">Zurich :</subfield>
    <subfield code="b">Orell Füssli ;</subfield>
    <subfield code="a">[Lausanne] :</subfield>
    <subfield code="b">24 Heures,</subfield>
    <subfield code="c">[1986]</subfield>
  </datafield>
  <datafield tag="264" ind1=" " ind2="4">
    <subfield code="c">© 1986</subfield>
  </datafield>
  <datafield tag="300" ind1=" " ind2=" ">
    <subfield code="a">168 p. :</subfield>
    <subfield code="b">ill. ;</subfield>
    <subfield code="c">35 cm</subfield>
  </datafield>
  <datafield tag="336" ind1=" " ind2=" ">
    <subfield code="b">txt</subfield>
    <subfield code="2">rdacontent</subfield>
  </datafield>
  <datafield tag="337" ind1=" " ind2=" ">
    <subfield code="b">n</subfield>
    <subfield code="2">rdamedia</subfield>
  </datafield>
  <datafield tag="338" ind1=" " ind2=" ">
    <subfield code="b">nc</subfield>
    <subfield code="2">rdacarrier</subfield>
  </datafield>
  <datafield tag="500" ind1=" " ind2=" ">
    <subfield code="a">Le dos porte : Schweiz, Suisse, Switzerland</subfield>
  </datafield>
  <datafield tag="650" ind1=" " ind2="7">
    <subfield code="0">(RERO)A021001246</subfield>
    <subfield code="a">Chemins de fer</subfield>
    <subfield code="2">rero</subfield>
  </datafield>
  <datafield tag="651" ind1=" " ind2="7">
    <subfield code="0">(RERO)A010021522</subfield>
    <subfield code="a">Suisse</subfield>
    <subfield code="2">rero</subfield>
  </datafield>
  <datafield tag="700" ind1="1" ind2=" ">
    <subfield code="0">(RERO)A003909384</subfield>
    <subfield code="a">Treichler, Hans Peter</subfield>
  </datafield>
  <datafield tag="700" ind1="1" ind2=" ">
    <subfield code="0">(RERO)A003297073</subfield>
    <subfield code="a">Gillioz, Kay</subfield>
  </datafield>
  <datafield tag="700" ind1="1" ind2=" ">
    <subfield code="0">(RERO)A003900443</subfield>
    <subfield code="a">Thévenaz, Michel</subfield>
  </datafield>
  <datafield tag="919" ind1=" " ind2=" ">
    <subfield code="9">650 _7</subfield>
    <subfield code="a">chemin de fer</subfield>
    <subfield code="z">Suisse</subfield>
    <subfield code="2">chrero</subfield>
  </datafield>
  <datafield tag="957" ind1=" " ind2=" ">
    <subfield code="a">gevbge</subfield>
  </datafield>
  <datafield tag="960" ind1=" " ind2=" ">
    <subfield code="a">jubicj</subfield>
  </datafield>
  <datafield tag="962" ind1=" " ind2=" ">
    <subfield code="a">nebpun</subfield>
  </datafield>
  <datafield tag="973" ind1=" " ind2=" ">
    <subfield code="a">vsbcce vsbcvm vsbcvs vsbasm</subfield>
  </datafield>
  <datafield tag="986" ind1=" " ind2=" ">
    <subfield code="2">cdu-vsmart</subfield>
    <subfield code="a">629.4</subfield>
  </datafield>
  <datafield tag="986" ind1=" " ind2=" ">
    <subfield code="2">cdu-vsprat</subfield>
    <subfield code="a">625.1(494)</subfield>
  </datafield>
  <datafield tag="986" ind1=" " ind2=" ">
    <subfield code="2">cdu-vsbcvm</subfield>
    <subfield code="a">625.1(494)</subfield>
  </datafield>
  <datafield tag="986" ind1=" " ind2=" ">
    <subfield code="2">vs-basm</subfield>
    <subfield code="a">625.1(494)</subfield>
  </datafield>
  <datafield tag="992" ind1=" " ind2=" ">
    <subfield code="a">BGE X 3942</subfield>
    <subfield code="x">ge/vbge/a/87/2043</subfield>
  </datafield>
  <datafield tag="994" ind1=" " ind2=" ">
    <subfield code="a">ZC 942</subfield>
    <subfield code="x">ne/bpun/1988/3214</subfield>
  </datafield>
  <datafield tag="994" ind1=" " ind2=" ">
    <subfield code="a">BPUP 625.1 TRE</subfield>
    <subfield code="x">ne/bpup/w [Mis au rebut en 2007.]</subfield>
  </datafield>
  <datafield tag="996" ind1=" " ind2=" ">
    <subfield code="x">vs/vsbcce/a/40888</subfield>
  </datafield>
  <datafield tag="996" ind1=" " ind2=" ">
    <subfield code="x">vs/bcvm/o/4016</subfield>
  </datafield>
</record>