
<record>
  <leader>01007nam a2200301 a 4500</leader>
  <controlfield tag="001">vtls002658328</controlfield>
  <controlfield tag="005">20170611105600.0</controlfield>
  <controlfield tag="008">001116s1999    be ||| |  ||||00|  |fre d</controlfield>
  <datafield tag="020" ind1=" " ind2=" ">
    <subfield code="a">9782873912543</subfield>
  </datafield>
  <datafield tag="035" ind1=" " ind2=" ">
    <subfield code="a">R265832860</subfield>
  </datafield>
  <datafield tag="039" ind1=" " ind2=" ">
    <subfield code="b">8032</subfield>
    <subfield code="b">8015i</subfield>
  </datafield>
  <datafield tag="039" ind1=" " ind2="9">
    <subfield code="a">201706111056</subfield>
    <subfield code="b">VLOAD</subfield>
    <subfield code="c">200812231115</subfield>
    <subfield code="d">VLOAD</subfield>
    <subfield code="c">200812230933</subfield>
    <subfield code="d">VLOAD</subfield>
    <subfield code="c">200812211903</subfield>
    <subfield code="d">VLOAD</subfield>
    <subfield code="y">200009112218</subfield>
    <subfield code="z">VLOAD</subfield>
  </datafield>
  <datafield tag="040" ind1=" " ind2=" ">
    <subfield code="a">RERO labcud</subfield>
  </datafield>
  <datafield tag="072" ind1=" " ind2="7">
    <subfield code="a">s1ba</subfield>
    <subfield code="2">rero</subfield>
  </datafield>
  <datafield tag="100" ind1="1" ind2=" ">
    <subfield code="0">(RERO)A005903211</subfield>
    <subfield code="a">Dekeyzer, Brigitte</subfield>
    <subfield code="4">cre</subfield>
  </datafield>
  <datafield tag="245" ind1="1" ind2="4">
    <subfield code="a">Les primitifs flamands /</subfield>
    <subfield code="c">Brigitte Dekeyzer</subfield>
  </datafield>
  <datafield tag="264" ind1=" " ind2="1">
    <subfield code="a">Brussels :</subfield>
    <subfield code="b">Ed. Artoria,</subfield>
    <subfield code="c">[1999]</subfield>
  </datafield>
  <datafield tag="264" ind1=" " ind2="4">
    <subfield code="c">© 1999</subfield>
  </datafield>
  <datafield tag="300" ind1=" " ind2=" ">
    <subfield code="a">176 p. :</subfield>
    <subfield code="b">ill. ;</subfield>
    <subfield code="c">33 cm</subfield>
  </datafield>
  <datafield tag="336" ind1=" " ind2=" ">
    <subfield code="b">txt</subfield>
    <subfield code="2">rdacontent</subfield>
  </datafield>
  <datafield tag="337" ind1=" " ind2=" ">
    <subfield code="b">n</subfield>
    <subfield code="2">rdamedia</subfield>
  </datafield>
  <datafield tag="338" ind1=" " ind2=" ">
    <subfield code="b">nc</subfield>
    <subfield code="2">rdacarrier</subfield>
  </datafield>
  <datafield tag="650" ind1=" " ind2="7">
    <subfield code="0">(RERO)A021004220</subfield>
    <subfield code="a">Peinture flamande</subfield>
    <subfield code="2">rero</subfield>
  </datafield>
  <datafield tag="650" ind1=" " ind2="7">
    <subfield code="0">(RERO)A022546843</subfield>
    <subfield code="a">14e siècle-15e siècle</subfield>
    <subfield code="2">rero</subfield>
  </datafield>
  <datafield tag="904" ind1=" " ind2=" ">
    <subfield code="a">bpunfar</subfield>
    <subfield code="b">0010</subfield>
    <subfield code="c">13</subfield>
  </datafield>
  <datafield tag="919" ind1=" " ind2=" ">
    <subfield code="9">650 _7</subfield>
    <subfield code="a">peinture flamande</subfield>
    <subfield code="y">14e s. / 15e s.</subfield>
    <subfield code="2">chrero</subfield>
  </datafield>
  <datafield tag="962" ind1=" " ind2=" ">
    <subfield code="a">nebpun</subfield>
  </datafield>
  <datafield tag="994" ind1=" " ind2=" ">
    <subfield code="a">FG 1872</subfield>
    <subfield code="x">ne/bpun/a/2000/3380</subfield>
  </datafield>
</record>