
<record>
  <leader>01205naa a2200313 a 4500</leader>
  <controlfield tag="001">vtls005634921</controlfield>
  <controlfield tag="005">20190507091400.0</controlfield>
  <controlfield tag="008">100705s1911    fr ||| |  ||||00|  |fre d</controlfield>
  <datafield tag="019" ind1=" " ind2=" ">
    <subfield code="a">Recat. BibliographieVS</subfield>
    <subfield code="9">vsbcvs/11.2010</subfield>
  </datafield>
  <datafield tag="035" ind1=" " ind2=" ">
    <subfield code="a">R005634921</subfield>
  </datafield>
  <datafield tag="039" ind1=" " ind2="9">
    <subfield code="a">201905070914</subfield>
    <subfield code="b">0060</subfield>
    <subfield code="c">201705300923</subfield>
    <subfield code="d">VLOAD</subfield>
    <subfield code="c">201605151255</subfield>
    <subfield code="d">VLOAD</subfield>
    <subfield code="c">201603091648</subfield>
    <subfield code="d">VLOAD</subfield>
    <subfield code="y">201012041621</subfield>
    <subfield code="z">VLOAD</subfield>
  </datafield>
  <datafield tag="040" ind1=" " ind2=" ">
    <subfield code="a">RERO vsbcvs</subfield>
  </datafield>
  <datafield tag="072" ind1=" " ind2="7">
    <subfield code="a">s1zz</subfield>
    <subfield code="2">rero</subfield>
  </datafield>
  <datafield tag="100" ind1="1" ind2=" ">
    <subfield code="0">(RERO)A016533496</subfield>
    <subfield code="a">Weiss, Pierre,</subfield>
    <subfield code="d">1865-1940</subfield>
    <subfield code="4">aut</subfield>
  </datafield>
  <datafield tag="245" ind1="1" ind2="0">
    <subfield code="a">Walther Ritz (1878-1909) ;</subfield>
    <subfield code="b">Liste des oeuvres complètes /</subfield>
    <subfield code="c">[Pierre Weiss]</subfield>
  </datafield>
  <datafield tag="264" ind1=" " ind2="1">
    <subfield code="a">Paris :</subfield>
    <subfield code="b">Impr. Gauthier-Villars,</subfield>
    <subfield code="c">[1911]</subfield>
  </datafield>
  <datafield tag="300" ind1=" " ind2=" ">
    <subfield code="a">22 p.</subfield>
  </datafield>
  <datafield tag="336" ind1=" " ind2=" ">
    <subfield code="b">txt</subfield>
    <subfield code="2">rdacontent</subfield>
  </datafield>
  <datafield tag="337" ind1=" " ind2=" ">
    <subfield code="b">n</subfield>
    <subfield code="2">rdamedia</subfield>
  </datafield>
  <datafield tag="338" ind1=" " ind2=" ">
    <subfield code="b">nc</subfield>
    <subfield code="2">rdacarrier</subfield>
  </datafield>
  <datafield tag="580" ind1=" " ind2=" ">
    <subfield code="a">In : Gesammelte Werke = Oeuvres / Walther Ritz ; publ. par la Société suisse de physique</subfield>
  </datafield>
  <datafield tag="773" ind1="1" ind2=" ">
    <subfield code="a">Ritz, Walther. -</subfield>
    <subfield code="t">Gesammelte Werke = Oeuvres</subfield>
  </datafield>
  <datafield tag="856" ind1="4" ind2="1">
    <subfield code="3">Ressource en ligne via RERO DOC</subfield>
    <subfield code="u">http://doc.rero.ch/record/200260</subfield>
  </datafield>
  <datafield tag="906" ind1=" " ind2=" ">
    <subfield code="a">bibliogrvs</subfield>
  </datafield>
  <datafield tag="906" ind1=" " ind2=" ">
    <subfield code="a">bvs</subfield>
  </datafield>
  <datafield tag="973" ind1=" " ind2=" ">
    <subfield code="a">vsbcvs</subfield>
  </datafield>
  <datafield tag="986" ind1=" " ind2=" ">
    <subfield code="2">bibvs</subfield>
    <subfield code="a">Valais - Biographie - Ritz - Walter</subfield>
  </datafield>
  <datafield tag="986" ind1=" " ind2=" ">
    <subfield code="2">bibvs</subfield>
    <subfield code="a">Wallis - Biographie - Ritz - Walter</subfield>
  </datafield>
  <datafield tag="986" ind1=" " ind2=" ">
    <subfield code="2">vs-bib-sys</subfield>
    <subfield code="a">1185-0185-3938-012-000</subfield>
  </datafield>
</record>