
<record>
  <leader>01157nam a22003257a 4500</leader>
  <controlfield tag="001">vtls002677029</controlfield>
  <controlfield tag="005">20180828113100.0</controlfield>
  <controlfield tag="008">000917s1994    gw |||||| ||||00|  |ger d</controlfield>
  <datafield tag="020" ind1=" " ind2=" ">
    <subfield code="a">9783929061086</subfield>
  </datafield>
  <datafield tag="035" ind1=" " ind2=" ">
    <subfield code="a">R267702960</subfield>
  </datafield>
  <datafield tag="039" ind1=" " ind2=" ">
    <subfield code="b">0019</subfield>
    <subfield code="b">0009i</subfield>
  </datafield>
  <datafield tag="039" ind1=" " ind2="9">
    <subfield code="a">201808281131</subfield>
    <subfield code="b">VLOAD</subfield>
    <subfield code="c">201706111126</subfield>
    <subfield code="d">VLOAD</subfield>
    <subfield code="c">201307251809</subfield>
    <subfield code="d">VLOAD</subfield>
    <subfield code="c">200812210821</subfield>
    <subfield code="d">VLOAD</subfield>
    <subfield code="y">200009170930</subfield>
    <subfield code="z">VLOAD</subfield>
  </datafield>
  <datafield tag="040" ind1=" " ind2=" ">
    <subfield code="a">RERO frbcuc</subfield>
  </datafield>
  <datafield tag="072" ind1=" " ind2="7">
    <subfield code="a">s1so</subfield>
    <subfield code="2">rero</subfield>
  </datafield>
  <datafield tag="072" ind1=" " ind2="7">
    <subfield code="a">s2td</subfield>
    <subfield code="2">rero</subfield>
  </datafield>
  <datafield tag="245" ind1="0" ind2="0">
    <subfield code="a">Fussball, Medien und Gewalt :</subfield>
    <subfield code="b">Medienpädagogische Beiträge zur Fussballfan-Forschung /</subfield>
    <subfield code="c">Rainer Kübert ...</subfield>
  </datafield>
  <datafield tag="264" ind1=" " ind2="1">
    <subfield code="a">München :</subfield>
    <subfield code="b">KoPäd Verl.,</subfield>
    <subfield code="c">[1994]</subfield>
  </datafield>
  <datafield tag="264" ind1=" " ind2="4">
    <subfield code="c">© 1994</subfield>
  </datafield>
  <datafield tag="300" ind1=" " ind2=" ">
    <subfield code="a">179 S. ;</subfield>
    <subfield code="c">21 cm</subfield>
  </datafield>
  <datafield tag="336" ind1=" " ind2=" ">
    <subfield code="b">txt</subfield>
    <subfield code="2">rdacontent</subfield>
  </datafield>
  <datafield tag="337" ind1=" " ind2=" ">
    <subfield code="b">n</subfield>
    <subfield code="2">rdamedia</subfield>
  </datafield>
  <datafield tag="338" ind1=" " ind2=" ">
    <subfield code="b">nc</subfield>
    <subfield code="2">rdacarrier</subfield>
  </datafield>
  <datafield tag="650" ind1=" " ind2="7">
    <subfield code="0">(RERO)A021001421</subfield>
    <subfield code="a">Football</subfield>
    <subfield code="2">rero</subfield>
  </datafield>
  <datafield tag="650" ind1=" " ind2="7">
    <subfield code="0">(RERO)A022536780</subfield>
    <subfield code="a">20e siècle (fin)</subfield>
    <subfield code="2">rero</subfield>
  </datafield>
  <datafield tag="650" ind1=" " ind2="7">
    <subfield code="0">(RERO)A021002050</subfield>
    <subfield code="a">Médias</subfield>
    <subfield code="2">rero</subfield>
  </datafield>
  <datafield tag="655" ind1=" " ind2="7">
    <subfield code="0">(RERO)A022249905</subfield>
    <subfield code="a">[Études diverses]</subfield>
    <subfield code="2">rero</subfield>
  </datafield>
  <datafield tag="700" ind1="1" ind2=" ">
    <subfield code="0">(RERO)A005984709</subfield>
    <subfield code="a">Kübert, Rainer</subfield>
  </datafield>
  <datafield tag="919" ind1=" " ind2=" ">
    <subfield code="9">650 _7</subfield>
    <subfield code="a">communication de masse</subfield>
    <subfield code="x">football</subfield>
    <subfield code="y">20e s. (fin)</subfield>
    <subfield code="v">[études diverses]</subfield>
    <subfield code="2">chrero</subfield>
  </datafield>
  <datafield tag="956" ind1=" " ind2=" ">
    <subfield code="a">frbcuc</subfield>
  </datafield>
  <datafield tag="981" ind1=" " ind2=" ">
    <subfield code="2">DSS</subfield>
    <subfield code="a">MS6540</subfield>
  </datafield>
</record>