
<record>
  <leader>00832naa a22002297a 4500</leader>
  <controlfield tag="001">vtls003446524</controlfield>
  <controlfield tag="005">20170518132700.0</controlfield>
  <controlfield tag="008">980412s1966    xx ||| |  ||||00|  0eng d</controlfield>
  <datafield tag="035" ind1=" " ind2=" ">
    <subfield code="a">R003446524</subfield>
  </datafield>
  <datafield tag="039" ind1=" " ind2="9">
    <subfield code="a">201705181327</subfield>
    <subfield code="b">VLOAD</subfield>
    <subfield code="c">201605141129</subfield>
    <subfield code="d">VLOAD</subfield>
    <subfield code="c">201210191809</subfield>
    <subfield code="d">VLOAD</subfield>
    <subfield code="c">201112192212</subfield>
    <subfield code="d">VLOAD</subfield>
    <subfield code="y">200506232320</subfield>
    <subfield code="z">VLOAD</subfield>
  </datafield>
  <datafield tag="040" ind1=" " ind2=" ">
    <subfield code="a">RERO gewcc-</subfield>
  </datafield>
  <datafield tag="072" ind1=" " ind2="7">
    <subfield code="a">s1th</subfield>
    <subfield code="2">rero</subfield>
  </datafield>
  <datafield tag="245" ind1="0" ind2="0">
    <subfield code="a">Central Committee of WCC Holds Annual Session at Geneva</subfield>
  </datafield>
  <datafield tag="264" ind1=" " ind2="1">
    <subfield code="c">1966</subfield>
  </datafield>
  <datafield tag="336" ind1=" " ind2=" ">
    <subfield code="b">txt</subfield>
    <subfield code="2">rdacontent</subfield>
  </datafield>
  <datafield tag="337" ind1=" " ind2=" ">
    <subfield code="b">n</subfield>
    <subfield code="2">rdamedia</subfield>
  </datafield>
  <datafield tag="338" ind1=" " ind2=" ">
    <subfield code="b">nc</subfield>
    <subfield code="2">rdacarrier</subfield>
  </datafield>
  <datafield tag="580" ind1=" " ind2=" ">
    <subfield code="a">In: Unitas ; vol. 18, Spring 1966, p. 63-66</subfield>
  </datafield>
  <datafield tag="773" ind1="1" ind2=" ">
    <subfield code="t">Unitas : international ecumenical review</subfield>
    <subfield code="g">vol. 18, Spring 1966, p. 63-66</subfield>
  </datafield>
  <datafield tag="957" ind1=" " ind2=" ">
    <subfield code="a">gewcc-</subfield>
  </datafield>
  <datafield tag="982" ind1=" " ind2=" ">
    <subfield code="2">wccsh</subfield>
    <subfield code="a">Geneva, 1966</subfield>
  </datafield>
  <datafield tag="982" ind1=" " ind2=" ">
    <subfield code="0">(RERO)6A004396236</subfield>
    <subfield code="2">wccsh</subfield>
    <subfield code="a">World Council of Churches. Central Committee. Meeting</subfield>
    <subfield code="e">[LCSH]</subfield>
  </datafield>
</record>