
<record>
  <leader>01915nam a2200517 a 4500</leader>
  <controlfield tag="001">vtls002663821</controlfield>
  <controlfield tag="005">20180828105600.0</controlfield>
  <controlfield tag="008">010124s1999    sp ||| |  ||||00|  |spa d</controlfield>
  <datafield tag="020" ind1=" " ind2=" ">
    <subfield code="a">9788495379016</subfield>
  </datafield>
  <datafield tag="020" ind1=" " ind2=" ">
    <subfield code="a">9788495379023</subfield>
  </datafield>
  <datafield tag="020" ind1=" " ind2=" ">
    <subfield code="a">9788495379030</subfield>
  </datafield>
  <datafield tag="035" ind1=" " ind2=" ">
    <subfield code="a">R266382160</subfield>
  </datafield>
  <datafield tag="039" ind1=" " ind2=" ">
    <subfield code="b">8046</subfield>
    <subfield code="b">8014i</subfield>
  </datafield>
  <datafield tag="039" ind1=" " ind2="9">
    <subfield code="a">201808281056</subfield>
    <subfield code="b">VLOAD</subfield>
    <subfield code="c">201706111105</subfield>
    <subfield code="d">VLOAD</subfield>
    <subfield code="c">201505221718</subfield>
    <subfield code="d">4401</subfield>
    <subfield code="c">201305161535</subfield>
    <subfield code="d">4213</subfield>
    <subfield code="y">200009141740</subfield>
    <subfield code="z">VLOAD</subfield>
  </datafield>
  <datafield tag="040" ind1=" " ind2=" ">
    <subfield code="a">RERO labcud</subfield>
  </datafield>
  <datafield tag="072" ind1=" " ind2="7">
    <subfield code="a">s1ht</subfield>
    <subfield code="2">rero</subfield>
  </datafield>
  <datafield tag="245" ind1="0" ind2="0">
    <subfield code="a">Un siglo de España</subfield>
  </datafield>
  <datafield tag="264" ind1=" " ind2="1">
    <subfield code="a">Madrid [etc.] :</subfield>
    <subfield code="b">Marcial Pons,</subfield>
    <subfield code="c">1999</subfield>
  </datafield>
  <datafield tag="300" ind1=" " ind2=" ">
    <subfield code="a">3 vol. :</subfield>
    <subfield code="b">tabl., diagr. ;</subfield>
    <subfield code="c">21 cm</subfield>
  </datafield>
  <datafield tag="336" ind1=" " ind2=" ">
    <subfield code="b">txt</subfield>
    <subfield code="2">rdacontent</subfield>
  </datafield>
  <datafield tag="337" ind1=" " ind2=" ">
    <subfield code="b">n</subfield>
    <subfield code="2">rdamedia</subfield>
  </datafield>
  <datafield tag="338" ind1=" " ind2=" ">
    <subfield code="b">nc</subfield>
    <subfield code="2">rdacarrier</subfield>
  </datafield>
  <datafield tag="490" ind1="1" ind2=" ">
    <subfield code="a">Historia</subfield>
  </datafield>
  <datafield tag="505" ind1="0" ind2=" ">
    <subfield code="a">Vol. 1: La cultura / Juan Pablo Fusi</subfield>
  </datafield>
  <datafield tag="505" ind1="0" ind2=" ">
    <subfield code="a">Vol. 2: La economía / José Luis García Delgado, Juan Carlos Jiménez</subfield>
  </datafield>
  <datafield tag="505" ind1="0" ind2=" ">
    <subfield code="a">Vol. 3: Política y sociedad / Santos Juliá</subfield>
  </datafield>
  <datafield tag="650" ind1=" " ind2="7">
    <subfield code="0">(RERO)A021001678</subfield>
    <subfield code="a">Culture</subfield>
    <subfield code="2">rero</subfield>
  </datafield>
  <datafield tag="650" ind1=" " ind2="7">
    <subfield code="0">(RERO)A021017254</subfield>
    <subfield code="a">20e siècle</subfield>
    <subfield code="2">rero</subfield>
  </datafield>
  <datafield tag="650" ind1=" " ind2="7">
    <subfield code="0">(RERO)A010009334</subfield>
    <subfield code="a">politique</subfield>
    <subfield code="2">rerovoc</subfield>
  </datafield>
  <datafield tag="650" ind1=" " ind2="7">
    <subfield code="0">(RERO)A010028893</subfield>
    <subfield code="a">société (milieu humain)</subfield>
    <subfield code="2">rerovoc</subfield>
  </datafield>
  <datafield tag="650" ind1=" " ind2="7">
    <subfield code="0">(RERO)A021028036</subfield>
    <subfield code="a">Conditions économiques</subfield>
    <subfield code="2">rero</subfield>
  </datafield>
  <datafield tag="651" ind1=" " ind2="7">
    <subfield code="0">(RERO)A009987992</subfield>
    <subfield code="a">Espagne</subfield>
    <subfield code="2">rero</subfield>
  </datafield>
  <datafield tag="700" ind1="1" ind2=" ">
    <subfield code="0">(RERO)A000067228</subfield>
    <subfield code="a">Fusi Aizpurúa, Juan Pablo,</subfield>
    <subfield code="d">1945-</subfield>
  </datafield>
  <datafield tag="700" ind1="1" ind2=" ">
    <subfield code="0">(RERO)A000069436</subfield>
    <subfield code="a">García Delgado, José Luis</subfield>
  </datafield>
  <datafield tag="700" ind1="1" ind2=" ">
    <subfield code="0">(RERO)A006398171</subfield>
    <subfield code="a">Jiménez, Juan Carlos</subfield>
  </datafield>
  <datafield tag="700" ind1="1" ind2=" ">
    <subfield code="0">(RERO)A003434533</subfield>
    <subfield code="a">Juliá, Santos</subfield>
  </datafield>
  <datafield tag="830" ind1=" " ind2="0">
    <subfield code="a">Historia.</subfield>
    <subfield code="p">Marcial Pons</subfield>
  </datafield>
  <datafield tag="901" ind1=" " ind2=" ">
    <subfield code="a">LAR BLL</subfield>
    <subfield code="b">2007/06</subfield>
    <subfield code="c">SLE</subfield>
  </datafield>
  <datafield tag="904" ind1=" " ind2=" ">
    <subfield code="a">neubflna</subfield>
    <subfield code="b">2001/01</subfield>
  </datafield>
  <datafield tag="919" ind1=" " ind2=" ">
    <subfield code="9">650 _7</subfield>
    <subfield code="a">culture</subfield>
    <subfield code="z">Espagne</subfield>
    <subfield code="y">20e s.</subfield>
    <subfield code="2">chrero</subfield>
  </datafield>
  <datafield tag="919" ind1=" " ind2=" ">
    <subfield code="9">650 _7</subfield>
    <subfield code="a">économie</subfield>
    <subfield code="z">Espagne</subfield>
    <subfield code="y">20e s.</subfield>
    <subfield code="2">chrero</subfield>
  </datafield>
  <datafield tag="919" ind1=" " ind2=" ">
    <subfield code="9">650 _7</subfield>
    <subfield code="a">politique</subfield>
    <subfield code="z">Espagne</subfield>
    <subfield code="y">20e s.</subfield>
    <subfield code="2">chrero</subfield>
  </datafield>
  <datafield tag="919" ind1=" " ind2=" ">
    <subfield code="9">650 _7</subfield>
    <subfield code="a">société (milieu humain)</subfield>
    <subfield code="z">Espagne</subfield>
    <subfield code="y">20e s.</subfield>
    <subfield code="2">chrero</subfield>
  </datafield>
  <datafield tag="956" ind1=" " ind2=" ">
    <subfield code="a">frbcuc</subfield>
  </datafield>
  <datafield tag="962" ind1=" " ind2=" ">
    <subfield code="a">neubfl</subfield>
  </datafield>
  <datafield tag="981" ind1=" " ind2=" ">
    <subfield code="2">CDU</subfield>
    <subfield code="a">946&quot;19&quot;</subfield>
  </datafield>
</record>