
<record>
  <leader>00666nas a2200229 a 4500</leader>
  <controlfield tag="001">vtls000344026</controlfield>
  <controlfield tag="005">20170516091000.0</controlfield>
  <controlfield tag="008">960525d19501956ne |||m|| ||||0 || 0lat d</controlfield>
  <datafield tag="035" ind1=" " ind2=" ">
    <subfield code="a">0372582</subfield>
  </datafield>
  <datafield tag="039" ind1=" " ind2="9">
    <subfield code="a">201705160910</subfield>
    <subfield code="b">VLOAD</subfield>
    <subfield code="c">201703290834</subfield>
    <subfield code="d">VLOAD</subfield>
    <subfield code="c">200812222127</subfield>
    <subfield code="d">VLOAD</subfield>
    <subfield code="c">200812210924</subfield>
    <subfield code="d">VLOAD</subfield>
    <subfield code="y">1999022718500000</subfield>
    <subfield code="z">load</subfield>
  </datafield>
  <datafield tag="040" ind1=" " ind2=" ">
    <subfield code="a">RERO</subfield>
  </datafield>
  <datafield tag="072" ind1=" " ind2="7">
    <subfield code="a">s1hm</subfield>
    <subfield code="2">rero</subfield>
  </datafield>
  <datafield tag="072" ind1=" " ind2="7">
    <subfield code="a">s2th</subfield>
    <subfield code="2">rero</subfield>
  </datafield>
  <datafield tag="245" ind1="0" ind2="0">
    <subfield code="a">Stromata patristica et mediaevalia</subfield>
  </datafield>
  <datafield tag="264" ind1=" " ind2="1">
    <subfield code="a">Ultraiecti ;</subfield>
    <subfield code="a">Bruxellis :</subfield>
    <subfield code="b">Spectrvm,</subfield>
    <subfield code="c">1950-1956</subfield>
  </datafield>
  <datafield tag="300" ind1=" " ind2=" ">
    <subfield code="c">22 cm</subfield>
  </datafield>
  <datafield tag="336" ind1=" " ind2=" ">
    <subfield code="b">txt</subfield>
    <subfield code="2">rdacontent</subfield>
  </datafield>
  <datafield tag="337" ind1=" " ind2=" ">
    <subfield code="b">n</subfield>
    <subfield code="2">rdamedia</subfield>
  </datafield>
  <datafield tag="338" ind1=" " ind2=" ">
    <subfield code="b">nc</subfield>
    <subfield code="2">rdacarrier</subfield>
  </datafield>
  <datafield tag="362" ind1="0" ind2=" ">
    <subfield code="a">Fasc. 1 - fasc. 5</subfield>
  </datafield>
  <datafield tag="956" ind1=" " ind2=" ">
    <subfield code="a">frbcuc</subfield>
  </datafield>
  <datafield tag="981" ind1=" " ind2=" ">
    <subfield code="2">SPATR</subfield>
    <subfield code="a">F</subfield>
  </datafield>
</record>