
<record>
  <leader>01048nam a2200325 a 4500</leader>
  <controlfield tag="001">vtls000692996</controlfield>
  <controlfield tag="005">20170627082700.0</controlfield>
  <controlfield tag="008">000723s1986    fr |||||| ||||00|| |fre d</controlfield>
  <datafield tag="020" ind1=" " ind2=" ">
    <subfield code="a">9782246376910</subfield>
  </datafield>
  <datafield tag="020" ind1=" " ind2=" ">
    <subfield code="a">9782246376903</subfield>
  </datafield>
  <datafield tag="035" ind1=" " ind2=" ">
    <subfield code="a">0764421</subfield>
  </datafield>
  <datafield tag="039" ind1=" " ind2="9">
    <subfield code="a">201706270827</subfield>
    <subfield code="b">VLOAD</subfield>
    <subfield code="c">201705160853</subfield>
    <subfield code="d">VLOAD</subfield>
    <subfield code="c">201704011219</subfield>
    <subfield code="d">VLOAD</subfield>
    <subfield code="c">201703131334</subfield>
    <subfield code="d">VLOAD</subfield>
    <subfield code="y">1999022803500000</subfield>
    <subfield code="z">load</subfield>
  </datafield>
  <datafield tag="040" ind1=" " ind2=" ">
    <subfield code="a">RERO frbcuc</subfield>
  </datafield>
  <datafield tag="072" ind1=" " ind2="7">
    <subfield code="a">s1fr</subfield>
    <subfield code="2">rero</subfield>
  </datafield>
  <datafield tag="100" ind1="1" ind2=" ">
    <subfield code="0">(RERO)A003575060</subfield>
    <subfield code="a">Mauriac, Claude</subfield>
    <subfield code="4">cre</subfield>
  </datafield>
  <datafield tag="245" ind1="1" ind2="0">
    <subfield code="a">Mauriac et fils /</subfield>
    <subfield code="c">Claude Mauriac</subfield>
  </datafield>
  <datafield tag="264" ind1=" " ind2="1">
    <subfield code="a">Paris :</subfield>
    <subfield code="b">B. Grasset,</subfield>
    <subfield code="c">1986</subfield>
  </datafield>
  <datafield tag="300" ind1=" " ind2=" ">
    <subfield code="a">532 p. ;</subfield>
    <subfield code="c">23 cm</subfield>
  </datafield>
  <datafield tag="336" ind1=" " ind2=" ">
    <subfield code="b">txt</subfield>
    <subfield code="2">rdacontent</subfield>
  </datafield>
  <datafield tag="337" ind1=" " ind2=" ">
    <subfield code="b">n</subfield>
    <subfield code="2">rdamedia</subfield>
  </datafield>
  <datafield tag="338" ind1=" " ind2=" ">
    <subfield code="b">nc</subfield>
    <subfield code="2">rdacarrier</subfield>
  </datafield>
  <datafield tag="490" ind1="1" ind2=" ">
    <subfield code="a">Le temps immobile / Claude Mauriac</subfield>
    <subfield code="v">9</subfield>
  </datafield>
  <datafield tag="800" ind1="1" ind2=" ">
    <subfield code="a">Mauriac, Claude. -</subfield>
    <subfield code="t">Le temps immobile</subfield>
    <subfield code="v">9</subfield>
  </datafield>
  <datafield tag="956" ind1=" " ind2=" ">
    <subfield code="a">frbcuc</subfield>
  </datafield>
  <datafield tag="957" ind1=" " ind2=" ">
    <subfield code="a">gevbge</subfield>
  </datafield>
  <datafield tag="962" ind1=" " ind2=" ">
    <subfield code="a">nebpun necfbv</subfield>
  </datafield>
  <datafield tag="992" ind1=" " ind2=" ">
    <subfield code="a">BGE TK 4748</subfield>
    <subfield code="x">ge/vbge/a/86/3441</subfield>
  </datafield>
  <datafield tag="994" ind1=" " ind2=" ">
    <subfield code="a">BPUN 22R BC 61</subfield>
    <subfield code="x">ne/bpun/d/2007/2320</subfield>
  </datafield>
  <datafield tag="994" ind1=" " ind2=" ">
    <subfield code="a">CFV 920 MAU Biographie</subfield>
    <subfield code="x">--</subfield>
  </datafield>
  <datafield tag="994" ind1=" " ind2=" ">
    <subfield code="a">NP SC 3040/9</subfield>
    <subfield code="x">ne/bslc/x/1986/2351</subfield>
  </datafield>
</record>