
<record>
  <leader>01075cam a2200301 a 4500</leader>
  <controlfield tag="001">vtls000361225</controlfield>
  <controlfield tag="005">20180329170800.0</controlfield>
  <controlfield tag="008">961207s1971    gw |||||| ||||00|| |ger d</controlfield>
  <datafield tag="020" ind1=" " ind2=" ">
    <subfield code="a">9783428026029</subfield>
  </datafield>
  <datafield tag="035" ind1=" " ind2=" ">
    <subfield code="a">0391794</subfield>
  </datafield>
  <datafield tag="039" ind1=" " ind2="9">
    <subfield code="a">201803291708</subfield>
    <subfield code="b">VLOAD</subfield>
    <subfield code="c">201709251339</subfield>
    <subfield code="d">VLOAD</subfield>
    <subfield code="c">201705160943</subfield>
    <subfield code="d">VLOAD</subfield>
    <subfield code="c">200812220742</subfield>
    <subfield code="d">VLOAD</subfield>
    <subfield code="y">1999022719180000</subfield>
    <subfield code="z">load</subfield>
  </datafield>
  <datafield tag="040" ind1=" " ind2=" ">
    <subfield code="a">RERO</subfield>
  </datafield>
  <datafield tag="072" ind1=" " ind2="7">
    <subfield code="a">s1dr</subfield>
    <subfield code="2">rero</subfield>
  </datafield>
  <datafield tag="100" ind1="1" ind2=" ">
    <subfield code="0">(RERO)A003721026</subfield>
    <subfield code="a">Quint, Wolfgang</subfield>
    <subfield code="4">cre</subfield>
  </datafield>
  <datafield tag="245" ind1="1" ind2="0">
    <subfield code="a">Souveränitätsbegriff und Souveränitätspolitik in Bayern :</subfield>
    <subfield code="b">von der Mitte des 17. bis zur ersten Hälfte des 19. Jahrhunderts /</subfield>
    <subfield code="c">von Wolfgang Quint</subfield>
  </datafield>
  <datafield tag="264" ind1=" " ind2="1">
    <subfield code="a">Berlin :</subfield>
    <subfield code="b">Duncker und Humblot,</subfield>
    <subfield code="c">1971</subfield>
  </datafield>
  <datafield tag="300" ind1=" " ind2=" ">
    <subfield code="a">566 p. ;</subfield>
    <subfield code="c">24 cm</subfield>
  </datafield>
  <datafield tag="336" ind1=" " ind2=" ">
    <subfield code="b">txt</subfield>
    <subfield code="2">rdacontent</subfield>
  </datafield>
  <datafield tag="337" ind1=" " ind2=" ">
    <subfield code="b">n</subfield>
    <subfield code="2">rdamedia</subfield>
  </datafield>
  <datafield tag="338" ind1=" " ind2=" ">
    <subfield code="b">nc</subfield>
    <subfield code="2">rdacarrier</subfield>
  </datafield>
  <datafield tag="490" ind1="1" ind2=" ">
    <subfield code="a">Schriften zur Verfassungsgeschichte</subfield>
    <subfield code="v">Bd. 15</subfield>
  </datafield>
  <datafield tag="504" ind1=" " ind2=" ">
    <subfield code="a">Bibliogr</subfield>
  </datafield>
  <datafield tag="830" ind1=" " ind2="0">
    <subfield code="a">Schriften zur Verfassungsgeschichte</subfield>
    <subfield code="v">15</subfield>
  </datafield>
  <datafield tag="956" ind1=" " ind2=" ">
    <subfield code="a">frbcuc</subfield>
  </datafield>
  <datafield tag="957" ind1=" " ind2=" ">
    <subfield code="a">geubfd</subfield>
  </datafield>
  <datafield tag="980" ind1=" " ind2=" ">
    <subfield code="2">dr-sys</subfield>
    <subfield code="a">CA/D 32.0 h</subfield>
  </datafield>
  <datafield tag="982" ind1=" " ind2=" ">
    <subfield code="2">dr-geubfd</subfield>
    <subfield code="a">CA/D 32.0 h QUIN 1971</subfield>
  </datafield>
  <datafield tag="992" ind1=" " ind2=" ">
    <subfield code="a">BFDA 251/15</subfield>
    <subfield code="x">ge/ubfd/a/82/359</subfield>
  </datafield>
</record>