
<record>
  <leader>01167naa a2200337 a 4500</leader>
  <controlfield tag="001">vtls006107221</controlfield>
  <controlfield tag="005">20190618143600.0</controlfield>
  <controlfield tag="008">110719s1854    gw ||| |  ||||00|| |ger d</controlfield>
  <datafield tag="035" ind1=" " ind2=" ">
    <subfield code="a">R006107221</subfield>
  </datafield>
  <datafield tag="039" ind1=" " ind2="7">
    <subfield code="b">3306</subfield>
  </datafield>
  <datafield tag="039" ind1=" " ind2="9">
    <subfield code="a">201906181436</subfield>
    <subfield code="b">VLOAD</subfield>
    <subfield code="c">201811162250</subfield>
    <subfield code="d">VLOAD</subfield>
    <subfield code="c">201805041331</subfield>
    <subfield code="d">VLOAD</subfield>
    <subfield code="c">201706110914</subfield>
    <subfield code="d">VLOAD</subfield>
    <subfield code="y">201107191537</subfield>
    <subfield code="z">3312</subfield>
  </datafield>
  <datafield tag="040" ind1=" " ind2=" ">
    <subfield code="a">RERO nebpun</subfield>
  </datafield>
  <datafield tag="072" ind1=" " ind2="7">
    <subfield code="a">s1bo</subfield>
    <subfield code="2">rero</subfield>
  </datafield>
  <datafield tag="100" ind1="1" ind2=" ">
    <subfield code="0">(RERO)A018918771</subfield>
    <subfield code="a">Pringsheim, Nathanael</subfield>
    <subfield code="4">cre</subfield>
  </datafield>
  <datafield tag="245" ind1="1" ind2="0">
    <subfield code="a">Untersuchungen über den Bau und die Bildung der Pflanzenzelle /</subfield>
    <subfield code="c">von N. Pringsheim</subfield>
  </datafield>
  <datafield tag="264" ind1=" " ind2="1">
    <subfield code="a">Berlin :</subfield>
    <subfield code="b">A. Hirschwald,</subfield>
    <subfield code="c">1854</subfield>
  </datafield>
  <datafield tag="300" ind1=" " ind2=" ">
    <subfield code="a">90 p., 4 f. de pl.</subfield>
  </datafield>
  <datafield tag="336" ind1=" " ind2=" ">
    <subfield code="b">txt</subfield>
    <subfield code="2">rdacontent</subfield>
  </datafield>
  <datafield tag="337" ind1=" " ind2=" ">
    <subfield code="b">n</subfield>
    <subfield code="2">rdamedia</subfield>
  </datafield>
  <datafield tag="338" ind1=" " ind2=" ">
    <subfield code="b">nc</subfield>
    <subfield code="2">rdacarrier</subfield>
  </datafield>
  <datafield tag="500" ind1=" " ind2=" ">
    <subfield code="a">Seul le vol. 1 portant le titre &quot;Grundlinien einer Theorie der Pflanzenzelle&quot; a paru</subfield>
  </datafield>
  <datafield tag="650" ind1=" " ind2="7">
    <subfield code="0">(RERO)A021096961</subfield>
    <subfield code="a">Cellules végétales</subfield>
    <subfield code="2">rero</subfield>
  </datafield>
  <datafield tag="902" ind1=" " ind2=" ">
    <subfield code="a">recatge04</subfield>
  </datafield>
  <datafield tag="919" ind1=" " ind2=" ">
    <subfield code="9">650 _7</subfield>
    <subfield code="a">cellule végétale</subfield>
    <subfield code="2">chrero</subfield>
  </datafield>
  <datafield tag="932" ind1=" " ind2=" ">
    <subfield code="a">gevcjb400543</subfield>
  </datafield>
  <datafield tag="957" ind1=" " ind2=" ">
    <subfield code="a">gevcjb</subfield>
  </datafield>
  <datafield tag="962" ind1=" " ind2=" ">
    <subfield code="a">nebpun</subfield>
  </datafield>
  <datafield tag="982" ind1=" " ind2=" ">
    <subfield code="2">cdu-gevcjb</subfield>
    <subfield code="a">Mél/10/27/14</subfield>
  </datafield>
  <datafield tag="982" ind1=" " ind2=" ">
    <subfield code="2">cdu-gevcjb</subfield>
    <subfield code="a">Mél/24/6</subfield>
  </datafield>
  <datafield tag="992" ind1=" " ind2=" ">
    <subfield code="a">BOTI 27883</subfield>
    <subfield code="x">ge/vcjb/x</subfield>
  </datafield>
  <datafield tag="994" ind1=" " ind2=" ">
    <subfield code="a">BPUN ZA 333</subfield>
    <subfield code="x">ne/bpun/w/26900</subfield>
  </datafield>
</record>