
<record>
  <leader>01721njm a2200361 a 4500</leader>
  <controlfield tag="001">vtls004324456</controlfield>
  <controlfield tag="005">20170519112200.0</controlfield>
  <controlfield tag="007">s|</controlfield>
  <controlfield tag="008">070205s2007    xx ||| |  ||||0||  |spa d</controlfield>
  <datafield tag="028" ind1="0" ind2="2">
    <subfield code="a">Virgin Classics 365474 2 8</subfield>
  </datafield>
  <datafield tag="035" ind1=" " ind2=" ">
    <subfield code="a">R004324456</subfield>
  </datafield>
  <datafield tag="039" ind1=" " ind2="9">
    <subfield code="a">201705191122</subfield>
    <subfield code="b">VLOAD</subfield>
    <subfield code="c">201612161237</subfield>
    <subfield code="d">1323</subfield>
    <subfield code="c">201606201509</subfield>
    <subfield code="d">1015</subfield>
    <subfield code="c">201604201811</subfield>
    <subfield code="d">VLOAD</subfield>
    <subfield code="y">200702051201</subfield>
    <subfield code="z">8206</subfield>
  </datafield>
  <datafield tag="040" ind1=" " ind2=" ">
    <subfield code="a">RERO labcur</subfield>
  </datafield>
  <datafield tag="072" ind1=" " ind2="7">
    <subfield code="a">s1mu</subfield>
    <subfield code="2">rero</subfield>
  </datafield>
  <datafield tag="245" ind1="0" ind2="0">
    <subfield code="a">Gitano :</subfield>
    <subfield code="b">[zarzuela arias]</subfield>
  </datafield>
  <datafield tag="264" ind1=" " ind2="1">
    <subfield code="a">[Lieu de publication non identifié] :</subfield>
    <subfield code="b">Virgin Classics,</subfield>
    <subfield code="c">2007</subfield>
  </datafield>
  <datafield tag="300" ind1=" " ind2=" ">
    <subfield code="a">1 disque compact :</subfield>
    <subfield code="b">stéréo, DDD +</subfield>
    <subfield code="e">1 fasc. (47 p.)</subfield>
  </datafield>
  <datafield tag="336" ind1=" " ind2=" ">
    <subfield code="b">prm</subfield>
    <subfield code="2">rdacontent</subfield>
  </datafield>
  <datafield tag="337" ind1=" " ind2=" ">
    <subfield code="b">s</subfield>
    <subfield code="2">rdamedia</subfield>
  </datafield>
  <datafield tag="338" ind1=" " ind2=" ">
    <subfield code="b">sd</subfield>
    <subfield code="2">rdacarrier</subfield>
  </datafield>
  <datafield tag="505" ind1="0" ind2=" ">
    <subfield code="a">Des extraits des zarzuelas suivantes : La tabernera del puerto ; La del manojo de rosas / Sorozábal. Doña Francisquita / Vives. La alegría del batallón ; La dolorosa ; El trust de los tenorios / Serrano. La pícara molinera / Luna. Luisa Ferńanda ; Maravilla / Torroba. El último romántico ; La del soto del Parral ; La del soto del Parral / Soutullo &amp; Vert. Los gavilanes ; El huésped del Sevillano / Guerrero. El guitarrico / Soriano. Luna / Cano</subfield>
  </datafield>
  <datafield tag="511" ind1="0" ind2=" ">
    <subfield code="a">Domingo, Placido (direction) ; Villazón, Rolando (ténor) ; Orquesta de la comunidad (Madrid)</subfield>
  </datafield>
  <datafield tag="700" ind1="1" ind2=" ">
    <subfield code="0">(RERO)A010978505</subfield>
    <subfield code="a">Villazón, Rolando</subfield>
  </datafield>
  <datafield tag="700" ind1="1" ind2=" ">
    <subfield code="0">(RERO)A003185547</subfield>
    <subfield code="a">Domingo, Plácido,</subfield>
    <subfield code="d">1941-</subfield>
  </datafield>
  <datafield tag="710" ind1="2" ind2=" ">
    <subfield code="0">(RERO)A013163211</subfield>
    <subfield code="a">Orquesta de la Comunidad de Madrid</subfield>
  </datafield>
  <datafield tag="906" ind1=" " ind2=" ">
    <subfield code="a">bcvs</subfield>
    <subfield code="b">2007/03</subfield>
    <subfield code="c">19</subfield>
  </datafield>
  <datafield tag="919" ind1=" " ind2=" ">
    <subfield code="a">ESPAGNE</subfield>
    <subfield code="x">Musique</subfield>
    <subfield code="2">choix</subfield>
  </datafield>
  <datafield tag="919" ind1=" " ind2=" ">
    <subfield code="a">OPERA (Musique)</subfield>
    <subfield code="2">choix</subfield>
  </datafield>
  <datafield tag="919" ind1=" " ind2=" ">
    <subfield code="a">ZARZUELA</subfield>
    <subfield code="2">choix</subfield>
  </datafield>
  <datafield tag="956" ind1=" " ind2=" ">
    <subfield code="a">frbcuc</subfield>
  </datafield>
  <datafield tag="973" ind1=" " ind2=" ">
    <subfield code="a">vsbcvs</subfield>
  </datafield>
  <datafield tag="981" ind1=" " ind2=" ">
    <subfield code="0">(RERO)0A002960782</subfield>
    <subfield code="2">CDU</subfield>
    <subfield code="a">(086.71)&quot;1945/-&quot;(08)</subfield>
  </datafield>
  <datafield tag="986" ind1=" " ind2=" ">
    <subfield code="2">vs-pratcd</subfield>
    <subfield code="a">51</subfield>
  </datafield>
</record>