
<record>
  <leader>00854naa a22002297a 4500</leader>
  <controlfield tag="001">vtls003449721</controlfield>
  <controlfield tag="005">20170518133900.0</controlfield>
  <controlfield tag="008">980412s1968    xx ||| |  ||||00|  0eng d</controlfield>
  <datafield tag="035" ind1=" " ind2=" ">
    <subfield code="a">R003449721</subfield>
  </datafield>
  <datafield tag="039" ind1=" " ind2="9">
    <subfield code="a">201705181339</subfield>
    <subfield code="b">VLOAD</subfield>
    <subfield code="c">201605141136</subfield>
    <subfield code="d">VLOAD</subfield>
    <subfield code="c">201210191813</subfield>
    <subfield code="d">VLOAD</subfield>
    <subfield code="c">201112192225</subfield>
    <subfield code="d">VLOAD</subfield>
    <subfield code="y">200506232328</subfield>
    <subfield code="z">VLOAD</subfield>
  </datafield>
  <datafield tag="040" ind1=" " ind2=" ">
    <subfield code="a">RERO gewcc-</subfield>
  </datafield>
  <datafield tag="072" ind1=" " ind2="7">
    <subfield code="a">s1th</subfield>
    <subfield code="2">rero</subfield>
  </datafield>
  <datafield tag="100" ind1="1" ind2=" ">
    <subfield code="0">(RERO)A003024766</subfield>
    <subfield code="a">Boojamra, John Lawrence</subfield>
    <subfield code="4">cre</subfield>
  </datafield>
  <datafield tag="245" ind1="1" ind2="0">
    <subfield code="a">Assembly theme discussed in Bossey /</subfield>
    <subfield code="c">J. L. Boojamra</subfield>
  </datafield>
  <datafield tag="264" ind1=" " ind2="1">
    <subfield code="c">1968</subfield>
  </datafield>
  <datafield tag="336" ind1=" " ind2=" ">
    <subfield code="b">txt</subfield>
    <subfield code="2">rdacontent</subfield>
  </datafield>
  <datafield tag="337" ind1=" " ind2=" ">
    <subfield code="b">n</subfield>
    <subfield code="2">rdamedia</subfield>
  </datafield>
  <datafield tag="338" ind1=" " ind2=" ">
    <subfield code="b">nc</subfield>
    <subfield code="2">rdacarrier</subfield>
  </datafield>
  <datafield tag="580" ind1=" " ind2=" ">
    <subfield code="a">In: St. Vladimir&apos;s Theological Quarterly ; v. 12, no 3, 1968, p. 175-177</subfield>
  </datafield>
  <datafield tag="773" ind1="1" ind2=" ">
    <subfield code="t">St. Vladimir&apos;s theological quarterly</subfield>
    <subfield code="g">v. 12, no 3, 1968, p. 175-177</subfield>
  </datafield>
  <datafield tag="957" ind1=" " ind2=" ">
    <subfield code="a">gewcc-</subfield>
  </datafield>
  <datafield tag="982" ind1=" " ind2=" ">
    <subfield code="0">(RERO)6A005645085</subfield>
    <subfield code="2">wccsh</subfield>
    <subfield code="a">Ecumenical Institute Bossey</subfield>
    <subfield code="e">[LCSH]</subfield>
  </datafield>
</record>