
<record>
  <leader>01453nam a22003732a 4500</leader>
  <controlfield tag="001">vtls006032628</controlfield>
  <controlfield tag="005">20190725183700.0</controlfield>
  <controlfield tag="008">110218s2002    fr ||| |  ||||00|  |fre d</controlfield>
  <datafield tag="019" ind1=" " ind2=" ">
    <subfield code="a">Notice créée dans le cadre de la migration de la BM Delémont</subfield>
    <subfield code="9">jubmda/06.2011</subfield>
  </datafield>
  <datafield tag="020" ind1=" " ind2=" ">
    <subfield code="a">9782845630260</subfield>
  </datafield>
  <datafield tag="035" ind1=" " ind2=" ">
    <subfield code="a">R006032628</subfield>
  </datafield>
  <datafield tag="039" ind1=" " ind2="9">
    <subfield code="a">201907251837</subfield>
    <subfield code="b">VLOAD</subfield>
    <subfield code="c">201804101413</subfield>
    <subfield code="d">VLOAD</subfield>
    <subfield code="c">201804031639</subfield>
    <subfield code="d">VLOAD</subfield>
    <subfield code="c">201707051640</subfield>
    <subfield code="d">VLOAD</subfield>
    <subfield code="y">201106171547</subfield>
    <subfield code="z">VLOAD</subfield>
  </datafield>
  <datafield tag="040" ind1=" " ind2=" ">
    <subfield code="a">RERO jubmda</subfield>
  </datafield>
  <datafield tag="072" ind1=" " ind2="7">
    <subfield code="a">s1zz</subfield>
    <subfield code="2">rero</subfield>
  </datafield>
  <datafield tag="100" ind1="1" ind2=" ">
    <subfield code="0">(RERO)A003416729</subfield>
    <subfield code="a">Jacq, Christian,</subfield>
    <subfield code="d">1947-</subfield>
    <subfield code="4">cre</subfield>
  </datafield>
  <datafield tag="245" ind1="1" ind2="2">
    <subfield code="a">L&apos;épée flamboyante :</subfield>
    <subfield code="b">roman /</subfield>
    <subfield code="c">Christian Jacq</subfield>
  </datafield>
  <datafield tag="264" ind1=" " ind2="1">
    <subfield code="a">Paris :</subfield>
    <subfield code="b">XO,</subfield>
    <subfield code="c">2002</subfield>
  </datafield>
  <datafield tag="300" ind1=" " ind2=" ">
    <subfield code="a">332 p. ;</subfield>
    <subfield code="c">24 cm</subfield>
  </datafield>
  <datafield tag="336" ind1=" " ind2=" ">
    <subfield code="b">txt</subfield>
    <subfield code="2">rdacontent</subfield>
  </datafield>
  <datafield tag="337" ind1=" " ind2=" ">
    <subfield code="b">n</subfield>
    <subfield code="2">rdamedia</subfield>
  </datafield>
  <datafield tag="338" ind1=" " ind2=" ">
    <subfield code="b">nc</subfield>
    <subfield code="2">rdacarrier</subfield>
  </datafield>
  <datafield tag="490" ind1="0" ind2=" ">
    <subfield code="a">La reine liberté / Christian Jacq</subfield>
    <subfield code="v">3</subfield>
  </datafield>
  <datafield tag="520" ind1="8" ind2=" ">
    <subfield code="a">La reine Ahotep a reconquis une grande partie du sud, au prix de la vie de ceux qu&apos;elle aime. Après cent ans d&apos;occupation, l&apos;empire va enfin renaître de ses cendres.</subfield>
    <subfield code="9">vschab/07.2015</subfield>
  </datafield>
  <datafield tag="904" ind1=" " ind2=" ">
    <subfield code="a">jubmdare op115794</subfield>
  </datafield>
  <datafield tag="919" ind1=" " ind2=" ">
    <subfield code="a">civilisation égyptienne</subfield>
    <subfield code="2">vschab</subfield>
  </datafield>
  <datafield tag="919" ind1=" " ind2=" ">
    <subfield code="a">Egypte : histoire</subfield>
    <subfield code="2">vschab</subfield>
  </datafield>
  <datafield tag="919" ind1=" " ind2=" ">
    <subfield code="a">fiction</subfield>
    <subfield code="2">vschab</subfield>
  </datafield>
  <datafield tag="919" ind1=" " ind2=" ">
    <subfield code="a">pharaon</subfield>
    <subfield code="2">vschab</subfield>
  </datafield>
  <datafield tag="919" ind1=" " ind2=" ">
    <subfield code="a">roman historique</subfield>
    <subfield code="2">vschab</subfield>
  </datafield>
  <datafield tag="960" ind1=" " ind2=" ">
    <subfield code="a">jubmda</subfield>
  </datafield>
  <datafield tag="973" ind1=" " ind2=" ">
    <subfield code="a">vscoll</subfield>
  </datafield>
  <datafield tag="984" ind1=" " ind2=" ">
    <subfield code="2">jubmd</subfield>
    <subfield code="a">EGYPTE ANTIQUE</subfield>
    <subfield code="e">[Fiction]</subfield>
  </datafield>
  <datafield tag="984" ind1=" " ind2=" ">
    <subfield code="2">jubmd</subfield>
    <subfield code="a">ROMAN HISTORIQUE</subfield>
    <subfield code="e">[Fiction]</subfield>
  </datafield>
  <datafield tag="984" ind1=" " ind2=" ">
    <subfield code="2">jubmd</subfield>
    <subfield code="a">Titre de série : La reine liberté / Christian Jacq</subfield>
  </datafield>
</record>