
<record>
  <leader>01193nam a22003132a 4500</leader>
  <controlfield tag="001">vtls008391622</controlfield>
  <controlfield tag="005">20190516153300.0</controlfield>
  <controlfield tag="008">160318s2015    gw ||| |  ||||00|  |ger d</controlfield>
  <datafield tag="019" ind1=" " ind2=" ">
    <subfield code="b">SOMACQ</subfield>
    <subfield code="9">geulal/03.2016</subfield>
  </datafield>
  <datafield tag="035" ind1=" " ind2=" ">
    <subfield code="a">R008391622</subfield>
  </datafield>
  <datafield tag="039" ind1=" " ind2="9">
    <subfield code="a">201905161533</subfield>
    <subfield code="b">7385</subfield>
    <subfield code="c">201706221718</subfield>
    <subfield code="d">0123</subfield>
    <subfield code="c">201705202327</subfield>
    <subfield code="d">VLOAD</subfield>
    <subfield code="y">201603181344</subfield>
    <subfield code="z">7374</subfield>
  </datafield>
  <datafield tag="040" ind1=" " ind2=" ">
    <subfield code="a">GWDNB</subfield>
    <subfield code="d">SzZuIDS BS/BE B418</subfield>
    <subfield code="d">RERO geulal</subfield>
  </datafield>
  <datafield tag="072" ind1=" " ind2="7">
    <subfield code="a">s1lg</subfield>
    <subfield code="2">rero</subfield>
  </datafield>
  <datafield tag="082" ind1=" " ind2=" ">
    <subfield code="a">400</subfield>
  </datafield>
  <datafield tag="100" ind1="1" ind2=" ">
    <subfield code="a">Topalović, Elvira [VNV]</subfield>
    <subfield code="4">cre</subfield>
  </datafield>
  <datafield tag="245" ind1="1" ind2="0">
    <subfield code="a">Spracherwerb und Schule :</subfield>
    <subfield code="b">eine Einführung in die Mehrsprachigkeit /</subfield>
    <subfield code="c">Elvira Topalović</subfield>
  </datafield>
  <datafield tag="264" ind1=" " ind2="1">
    <subfield code="a">Tübingen :</subfield>
    <subfield code="b">UTB,</subfield>
    <subfield code="c">2015</subfield>
  </datafield>
  <datafield tag="300" ind1=" " ind2=" ">
    <subfield code="a">250 S. :</subfield>
    <subfield code="b">35 schw.-w. Ill., 20 schw.-w. Tab</subfield>
  </datafield>
  <datafield tag="336" ind1=" " ind2=" ">
    <subfield code="b">txt</subfield>
    <subfield code="2">rdacontent</subfield>
  </datafield>
  <datafield tag="337" ind1=" " ind2=" ">
    <subfield code="b">n</subfield>
    <subfield code="2">rdamedia</subfield>
  </datafield>
  <datafield tag="338" ind1=" " ind2=" ">
    <subfield code="b">nc</subfield>
    <subfield code="2">rdacarrier</subfield>
  </datafield>
  <datafield tag="900" ind1=" " ind2="1">
    <subfield code="a">IDS-BSBE</subfield>
    <subfield code="b">20160318</subfield>
    <subfield code="c">Droits réservés</subfield>
  </datafield>
  <datafield tag="919" ind1=" " ind2=" ">
    <subfield code="a">(Produktform)Paperback / softback</subfield>
  </datafield>
  <datafield tag="919" ind1=" " ind2=" ">
    <subfield code="a">(VLB-WN)2561: Taschenbuch / Allgemeine und Vergleichende Sprachwissenschaft</subfield>
  </datafield>
  <datafield tag="919" ind1=" " ind2=" ">
    <subfield code="a">(Zielgruppe)Sprach-/Literaturwissenschaften, Schulpädagogik, Lehrkräfte für Deutsch als Zweit- und als Fremdsprache</subfield>
  </datafield>
  <datafield tag="919" ind1=" " ind2=" ">
    <subfield code="a">Mehrsprachigkeit</subfield>
  </datafield>
  <datafield tag="919" ind1=" " ind2=" ">
    <subfield code="a">Spracherwerb</subfield>
  </datafield>
  <datafield tag="930" ind1=" " ind2=" ">
    <subfield code="a">(IDS-BSBE) 006354604</subfield>
  </datafield>
  <datafield tag="956" ind1=" " ind2=" ">
    <subfield code="a">frbcuc</subfield>
  </datafield>
</record>