
<record>
  <leader>01041njm a2200229 a 4500</leader>
  <controlfield tag="001">vtls006098225</controlfield>
  <controlfield tag="005">20170530164200.0</controlfield>
  <controlfield tag="008">110711s2004    xx ||| |  ||||0||  |eng d</controlfield>
  <datafield tag="028" ind1="0" ind2="2">
    <subfield code="a">Nonesuch 7559-79892-2</subfield>
  </datafield>
  <datafield tag="035" ind1=" " ind2=" ">
    <subfield code="a">R006098225</subfield>
  </datafield>
  <datafield tag="039" ind1=" " ind2="9">
    <subfield code="a">201705301642</subfield>
    <subfield code="b">VLOAD</subfield>
    <subfield code="c">201107130914</subfield>
    <subfield code="d">1543</subfield>
    <subfield code="y">201107110905</subfield>
    <subfield code="z">1026</subfield>
  </datafield>
  <datafield tag="040" ind1=" " ind2=" ">
    <subfield code="a">RERO vsbcvs</subfield>
  </datafield>
  <datafield tag="072" ind1=" " ind2="7">
    <subfield code="a">s1mu</subfield>
    <subfield code="2">rero</subfield>
  </datafield>
  <datafield tag="245" ind1="0" ind2="2">
    <subfield code="a">A ghost is born</subfield>
    <subfield code="h">[Enregistrement sonore] /</subfield>
    <subfield code="c">Wilco</subfield>
  </datafield>
  <datafield tag="264" ind1=" " ind2="1">
    <subfield code="a">[Lieu de publication non identifié] :</subfield>
    <subfield code="b">Nonesuch,</subfield>
    <subfield code="c">P 2004</subfield>
  </datafield>
  <datafield tag="300" ind1=" " ind2=" ">
    <subfield code="a">2 disques compacts ;</subfield>
    <subfield code="c">12 cm +</subfield>
    <subfield code="e">1 livret</subfield>
  </datafield>
  <datafield tag="505" ind1="0" ind2=" ">
    <subfield code="a">At least that&apos;s what you said ; Hell is chrome ; Spiders (kidsmoke) ; Muzzle of bees ; Hummingbird ; Handshake drugs ; Wishful thinking ; Company in my back ; I&apos;m a wheel ; Theologians ; Less than you think ; The late greats</subfield>
  </datafield>
  <datafield tag="505" ind1="0" ind2=" ">
    <subfield code="a">Bonus: Panthers ; At Least That&apos;s What You Said (Live) ; The Late Greats (Live) ; Handshake Drugs (Live) ; Kicking Television</subfield>
  </datafield>
  <datafield tag="710" ind1="2" ind2=" ">
    <subfield code="0">(RERO)A005602291</subfield>
    <subfield code="a">Wilco</subfield>
  </datafield>
  <datafield tag="906" ind1=" " ind2=" ">
    <subfield code="a">bcvs</subfield>
    <subfield code="b">2011/07</subfield>
    <subfield code="c">19</subfield>
  </datafield>
  <datafield tag="973" ind1=" " ind2=" ">
    <subfield code="a">vsbcvs</subfield>
  </datafield>
  <datafield tag="986" ind1=" " ind2=" ">
    <subfield code="2">vs-pratcd</subfield>
    <subfield code="a">76 WILC</subfield>
  </datafield>
</record>