
<record>
  <leader>01318nam a2200337 a 4500</leader>
  <controlfield tag="001">vtls001291308</controlfield>
  <controlfield tag="005">20190502165800.0</controlfield>
  <controlfield tag="008">910812s1991    fi |||||| ||||00|| |fre d</controlfield>
  <datafield tag="020" ind1=" " ind2=" ">
    <subfield code="a">9789514106415</subfield>
  </datafield>
  <datafield tag="035" ind1=" " ind2=" ">
    <subfield code="a">1414106</subfield>
  </datafield>
  <datafield tag="039" ind1=" " ind2=" ">
    <subfield code="b">8007</subfield>
    <subfield code="b">7951</subfield>
  </datafield>
  <datafield tag="039" ind1=" " ind2="9">
    <subfield code="a">201905021658</subfield>
    <subfield code="b">7437</subfield>
    <subfield code="c">201705171323</subfield>
    <subfield code="d">VLOAD</subfield>
    <subfield code="c">201109140825</subfield>
    <subfield code="d">0144</subfield>
    <subfield code="c">200812221502</subfield>
    <subfield code="d">VLOAD</subfield>
    <subfield code="y">1999022819020000</subfield>
    <subfield code="z">load</subfield>
  </datafield>
  <datafield tag="040" ind1=" " ind2=" ">
    <subfield code="a">RERO gevbpu</subfield>
  </datafield>
  <datafield tag="072" ind1=" " ind2="7">
    <subfield code="a">s1fr</subfield>
    <subfield code="2">rero</subfield>
  </datafield>
  <datafield tag="100" ind1="0" ind2=" ">
    <subfield code="0">(RERO)A000110417</subfield>
    <subfield code="a">Marguerite,</subfield>
    <subfield code="c">d&apos;Angoulême, reine de Navarre,</subfield>
    <subfield code="d">1492-1549</subfield>
    <subfield code="4">cre</subfield>
  </datafield>
  <datafield tag="245" ind1="1" ind2="0">
    <subfield code="a">Heptaméron /</subfield>
    <subfield code="c">Marguerite de Navarre.</subfield>
    <subfield code="n">1,</subfield>
    <subfield code="p">Texte</subfield>
  </datafield>
  <datafield tag="250" ind1=" " ind2=" ">
    <subfield code="a">Éd. critique /</subfield>
    <subfield code="b">par Renja Salminen</subfield>
  </datafield>
  <datafield tag="264" ind1=" " ind2="1">
    <subfield code="a">Helsinki :</subfield>
    <subfield code="b">Suomalaisen Tiedeakatemia,</subfield>
    <subfield code="c">1991</subfield>
  </datafield>
  <datafield tag="300" ind1=" " ind2=" ">
    <subfield code="a">XXIV, 338 p. ;</subfield>
    <subfield code="c">25 cm</subfield>
  </datafield>
  <datafield tag="336" ind1=" " ind2=" ">
    <subfield code="b">txt</subfield>
    <subfield code="2">rdacontent</subfield>
  </datafield>
  <datafield tag="337" ind1=" " ind2=" ">
    <subfield code="b">n</subfield>
    <subfield code="2">rdamedia</subfield>
  </datafield>
  <datafield tag="338" ind1=" " ind2=" ">
    <subfield code="b">nc</subfield>
    <subfield code="2">rdacarrier</subfield>
  </datafield>
  <datafield tag="490" ind1="1" ind2=" ">
    <subfield code="a">Annales Academiae scientiarum Fennicae. Sarja B</subfield>
    <subfield code="v">258</subfield>
  </datafield>
  <datafield tag="800" ind1="0" ind2=" ">
    <subfield code="a">Marguerite,</subfield>
    <subfield code="c">d&apos;Angoulême, reine de Navarre,</subfield>
    <subfield code="d">1492-1549. -</subfield>
    <subfield code="t">L&apos;heptaméron</subfield>
    <subfield code="v">1</subfield>
  </datafield>
  <datafield tag="830" ind1=" " ind2="0">
    <subfield code="a">Annales Academiae scientiarum fennicae.</subfield>
    <subfield code="p">Ser. B = Suomalaisen Tiedeakatemian toimituksia. Sarja. B</subfield>
    <subfield code="v">258</subfield>
  </datafield>
  <datafield tag="956" ind1=" " ind2=" ">
    <subfield code="a">frbcuc</subfield>
  </datafield>
  <datafield tag="957" ind1=" " ind2=" ">
    <subfield code="a">geulfr gevbge</subfield>
  </datafield>
  <datafield tag="981" ind1=" " ind2=" ">
    <subfield code="2">CDU</subfield>
    <subfield code="a">840&quot;15&quot;NAV.M7Hep</subfield>
  </datafield>
  <datafield tag="982" ind1=" " ind2=" ">
    <subfield code="2">ge-ulfr</subfield>
    <subfield code="a">16/TEc MARG NAV 7*Hept SALM</subfield>
  </datafield>
  <datafield tag="992" ind1=" " ind2=" ">
    <subfield code="a">BFLA 112328/1</subfield>
    <subfield code="x">ge/ulfr/a/97/336</subfield>
  </datafield>
  <datafield tag="992" ind1=" " ind2=" ">
    <subfield code="a">BGE RA 937 B 258/1</subfield>
    <subfield code="x">ge/vbge/d/91</subfield>
  </datafield>
</record>