
<record>
  <leader>01365nam a22003252a 4500</leader>
  <controlfield tag="001">vtls006039428</controlfield>
  <controlfield tag="005">20180403085100.0</controlfield>
  <controlfield tag="008">110218s2009    fr ||| |  ||||00|  |fre d</controlfield>
  <datafield tag="019" ind1=" " ind2=" ">
    <subfield code="a">Notice créée dans le cadre de la migration de la BM Delémont</subfield>
    <subfield code="9">jubmdj/04.2011</subfield>
  </datafield>
  <datafield tag="020" ind1=" " ind2=" ">
    <subfield code="a">9782070621200</subfield>
  </datafield>
  <datafield tag="035" ind1=" " ind2=" ">
    <subfield code="a">R006039428</subfield>
  </datafield>
  <datafield tag="039" ind1=" " ind2="9">
    <subfield code="a">201804030851</subfield>
    <subfield code="b">VLOAD</subfield>
    <subfield code="c">201705301349</subfield>
    <subfield code="d">VLOAD</subfield>
    <subfield code="c">201605151704</subfield>
    <subfield code="d">VLOAD</subfield>
    <subfield code="c">201502031815</subfield>
    <subfield code="d">VLOAD</subfield>
    <subfield code="y">201106171624</subfield>
    <subfield code="z">VLOAD</subfield>
  </datafield>
  <datafield tag="040" ind1=" " ind2=" ">
    <subfield code="a">RERO jubmdj</subfield>
  </datafield>
  <datafield tag="041" ind1="1" ind2=" ">
    <subfield code="a">fre</subfield>
    <subfield code="h">eng</subfield>
  </datafield>
  <datafield tag="072" ind1=" " ind2="7">
    <subfield code="a">s1an</subfield>
    <subfield code="2">rero</subfield>
  </datafield>
  <datafield tag="100" ind1="1" ind2=" ">
    <subfield code="0">(RERO)A009688479</subfield>
    <subfield code="a">Nix, Garth</subfield>
    <subfield code="4">cre</subfield>
  </datafield>
  <datafield tag="245" ind1="1" ind2="0">
    <subfield code="a">Samedi suprême /</subfield>
    <subfield code="c">Garth Nix</subfield>
  </datafield>
  <datafield tag="264" ind1=" " ind2="1">
    <subfield code="a">Paris :</subfield>
    <subfield code="b">Gallimard,</subfield>
    <subfield code="c">2009</subfield>
  </datafield>
  <datafield tag="300" ind1=" " ind2=" ">
    <subfield code="a">236 p. ;</subfield>
    <subfield code="c">20 cm</subfield>
  </datafield>
  <datafield tag="336" ind1=" " ind2=" ">
    <subfield code="b">txt</subfield>
    <subfield code="2">rdacontent</subfield>
  </datafield>
  <datafield tag="337" ind1=" " ind2=" ">
    <subfield code="b">n</subfield>
    <subfield code="2">rdamedia</subfield>
  </datafield>
  <datafield tag="338" ind1=" " ind2=" ">
    <subfield code="b">nc</subfield>
    <subfield code="2">rdacarrier</subfield>
  </datafield>
  <datafield tag="490" ind1="1" ind2=" ">
    <subfield code="a">Les sept clefs du pouvoir / Garth Nix</subfield>
    <subfield code="v">6</subfield>
  </datafield>
  <datafield tag="520" ind1="8" ind2=" ">
    <subfield code="a">Le premier jour, il y eut une énigme. Le deuxième jour, ce fut l&apos;obscurité. Le troisième jour vint le déluge. Le quatrième jour, ce fut la guerre. Le cinquième jour survint l&apos;effroi. Le sixième jour, ce fut le chaos.</subfield>
    <subfield code="9">vdcopp/01.2015</subfield>
  </datafield>
  <datafield tag="521" ind1=" " ind2=" ">
    <subfield code="a">Enfants (9-12 ans)</subfield>
    <subfield code="9">vdbstl/10.2011</subfield>
  </datafield>
  <datafield tag="800" ind1="1" ind2=" ">
    <subfield code="a">Nix, Garth. -</subfield>
    <subfield code="t">Les sept clefs du pouvoir</subfield>
    <subfield code="v">6</subfield>
  </datafield>
  <datafield tag="904" ind1=" " ind2=" ">
    <subfield code="a">jubmdjre op177936</subfield>
  </datafield>
  <datafield tag="960" ind1=" " ind2=" ">
    <subfield code="a">jubmdj</subfield>
  </datafield>
  <datafield tag="984" ind1=" " ind2=" ">
    <subfield code="2">jubmd</subfield>
    <subfield code="a">ROMAN DE FANTASY</subfield>
    <subfield code="e">[Fiction]</subfield>
  </datafield>
  <datafield tag="984" ind1=" " ind2=" ">
    <subfield code="2">jubmd</subfield>
    <subfield code="a">Titre de série : Les sept [7] clefs du pouvoir / Garth Nix</subfield>
  </datafield>
</record>