
<record>
  <leader>01366nam a2200349 a 4500</leader>
  <controlfield tag="001">vtls002700421</controlfield>
  <controlfield tag="005">20181116205200.0</controlfield>
  <controlfield tag="008">000922s1981    xxu|||||| ||||00|  |eng d</controlfield>
  <datafield tag="020" ind1=" " ind2=" ">
    <subfield code="a">9780398045463</subfield>
  </datafield>
  <datafield tag="035" ind1=" " ind2=" ">
    <subfield code="a">R270042160</subfield>
  </datafield>
  <datafield tag="039" ind1=" " ind2=" ">
    <subfield code="b">0025</subfield>
    <subfield code="b">0112c</subfield>
    <subfield code="b">0014i</subfield>
  </datafield>
  <datafield tag="039" ind1=" " ind2="9">
    <subfield code="a">201811162052</subfield>
    <subfield code="b">VLOAD</subfield>
    <subfield code="c">201706111207</subfield>
    <subfield code="d">VLOAD</subfield>
    <subfield code="c">200812210823</subfield>
    <subfield code="d">VLOAD</subfield>
    <subfield code="c">200406160750</subfield>
    <subfield code="d">VLOAD</subfield>
    <subfield code="y">200009220300</subfield>
    <subfield code="z">VLOAD</subfield>
  </datafield>
  <datafield tag="040" ind1=" " ind2=" ">
    <subfield code="a">RERO frbcuc</subfield>
  </datafield>
  <datafield tag="072" ind1=" " ind2="7">
    <subfield code="a">s1ps</subfield>
    <subfield code="2">rero</subfield>
  </datafield>
  <datafield tag="100" ind1="1" ind2=" ">
    <subfield code="0">(RERO)A006039544</subfield>
    <subfield code="a">Moxley, David</subfield>
    <subfield code="4">cre</subfield>
  </datafield>
  <datafield tag="245" ind1="1" ind2="0">
    <subfield code="a">Socialization games for mentally retarded adolescents and adults /</subfield>
    <subfield code="c">by David Moxley, Nevalyn Nevil, Barbara Edmonson</subfield>
  </datafield>
  <datafield tag="264" ind1=" " ind2="1">
    <subfield code="a">Springfield Ill :</subfield>
    <subfield code="b">C.C. Thomas,</subfield>
    <subfield code="c">[1981]</subfield>
  </datafield>
  <datafield tag="264" ind1=" " ind2="4">
    <subfield code="c">© 1981</subfield>
  </datafield>
  <datafield tag="300" ind1=" " ind2=" ">
    <subfield code="a">118 p. :</subfield>
    <subfield code="b">ill. ;</subfield>
    <subfield code="c">23 cm</subfield>
  </datafield>
  <datafield tag="336" ind1=" " ind2=" ">
    <subfield code="b">txt</subfield>
    <subfield code="2">rdacontent</subfield>
  </datafield>
  <datafield tag="337" ind1=" " ind2=" ">
    <subfield code="b">n</subfield>
    <subfield code="2">rdamedia</subfield>
  </datafield>
  <datafield tag="338" ind1=" " ind2=" ">
    <subfield code="b">nc</subfield>
    <subfield code="2">rdacarrier</subfield>
  </datafield>
  <datafield tag="650" ind1=" " ind2="7">
    <subfield code="0">(RERO)A021100437</subfield>
    <subfield code="a">Jeu</subfield>
    <subfield code="2">rero</subfield>
  </datafield>
  <datafield tag="650" ind1=" " ind2="7">
    <subfield code="0">(RERO)A021002748</subfield>
    <subfield code="a">Socialisation</subfield>
    <subfield code="2">rero</subfield>
  </datafield>
  <datafield tag="650" ind1=" " ind2="7">
    <subfield code="0">(RERO)A009954045</subfield>
    <subfield code="a">adulte handicapé mental</subfield>
    <subfield code="2">rerovoc</subfield>
  </datafield>
  <datafield tag="650" ind1=" " ind2="7">
    <subfield code="0">(RERO)A021089101</subfield>
    <subfield code="a">Adolescents handicapés mentaux</subfield>
    <subfield code="2">rero</subfield>
  </datafield>
  <datafield tag="700" ind1="1" ind2=" ">
    <subfield code="0">(RERO)A006039548</subfield>
    <subfield code="a">Nevil, Nevalyn</subfield>
  </datafield>
  <datafield tag="700" ind1="1" ind2=" ">
    <subfield code="0">(RERO)A006039549</subfield>
    <subfield code="a">Edmonson, Barbara</subfield>
  </datafield>
  <datafield tag="919" ind1=" " ind2=" ">
    <subfield code="9">650 _7</subfield>
    <subfield code="a">adolescent handicapé mental</subfield>
    <subfield code="x">jeu</subfield>
    <subfield code="x">socialisation</subfield>
    <subfield code="2">chrero</subfield>
  </datafield>
  <datafield tag="919" ind1=" " ind2=" ">
    <subfield code="9">650 _7</subfield>
    <subfield code="a">adulte handicapé mental</subfield>
    <subfield code="x">jeu</subfield>
    <subfield code="x">socialisation</subfield>
    <subfield code="2">chrero</subfield>
  </datafield>
  <datafield tag="956" ind1=" " ind2=" ">
    <subfield code="a">frbcuc</subfield>
  </datafield>
  <datafield tag="981" ind1=" " ind2=" ">
    <subfield code="0">(RERO)0A000225206</subfield>
    <subfield code="2">CDU</subfield>
    <subfield code="a">372.281</subfield>
  </datafield>
</record>