
<record>
  <leader>01098naa a2200289 a 4500</leader>
  <controlfield tag="001">vtls003856720</controlfield>
  <controlfield tag="005">20180704124600.0</controlfield>
  <controlfield tag="008">050610s1947    sz ||| |  ||||00|  |fre d</controlfield>
  <datafield tag="035" ind1=" " ind2=" ">
    <subfield code="a">R003856720</subfield>
  </datafield>
  <datafield tag="039" ind1=" " ind2="9">
    <subfield code="a">201807041246</subfield>
    <subfield code="b">VLOAD</subfield>
    <subfield code="c">201705190940</subfield>
    <subfield code="d">VLOAD</subfield>
    <subfield code="c">201605141612</subfield>
    <subfield code="d">VLOAD</subfield>
    <subfield code="c">201204211107</subfield>
    <subfield code="d">VLOAD</subfield>
    <subfield code="y">200506101509</subfield>
    <subfield code="z">4912</subfield>
  </datafield>
  <datafield tag="040" ind1=" " ind2=" ">
    <subfield code="a">RERO jubicj</subfield>
  </datafield>
  <datafield tag="044" ind1=" " ind2=" ">
    <subfield code="a">sz</subfield>
    <subfield code="c">ch-ju</subfield>
  </datafield>
  <datafield tag="072" ind1=" " ind2="7">
    <subfield code="a">s1pe</subfield>
    <subfield code="2">rero</subfield>
  </datafield>
  <datafield tag="100" ind1="1" ind2=" ">
    <subfield code="0">(RERO)A012350832</subfield>
    <subfield code="a">Henry, Pierre,</subfield>
    <subfield code="c">linguiste</subfield>
    <subfield code="4">cre</subfield>
  </datafield>
  <datafield tag="245" ind1="1" ind2="0">
    <subfield code="a">Simples notes relatives à l&apos;enseignement de l&apos;histoire du Jura bernois /</subfield>
    <subfield code="c">Pierre Henry</subfield>
  </datafield>
  <datafield tag="264" ind1=" " ind2="1">
    <subfield code="a">[Courtemaîche] :</subfield>
    <subfield code="b">[Assocation des instituteurs [éditeur non identifié],</subfield>
    <subfield code="c">1947</subfield>
  </datafield>
  <datafield tag="336" ind1=" " ind2=" ">
    <subfield code="b">txt</subfield>
    <subfield code="2">rdacontent</subfield>
  </datafield>
  <datafield tag="337" ind1=" " ind2=" ">
    <subfield code="b">n</subfield>
    <subfield code="2">rdamedia</subfield>
  </datafield>
  <datafield tag="338" ind1=" " ind2=" ">
    <subfield code="b">nc</subfield>
    <subfield code="2">rdacarrier</subfield>
  </datafield>
  <datafield tag="504" ind1=" " ind2=" ">
    <subfield code="a">Bibliogr. : p. 30. - In: L&apos;Ami de l&apos;instituteur, 1947, IXe fasc</subfield>
  </datafield>
  <datafield tag="580" ind1=" " ind2=" ">
    <subfield code="a">In: L&apos;ami de l&apos;instituteur, fasc. 9(1947), p. 17-30</subfield>
  </datafield>
  <datafield tag="773" ind1="1" ind2=" ">
    <subfield code="a">Ami de l&apos;instituteur</subfield>
    <subfield code="g">1947/9/17</subfield>
  </datafield>
  <datafield tag="904" ind1=" " ind2=" ">
    <subfield code="a">jurassica</subfield>
  </datafield>
  <datafield tag="904" ind1=" " ind2=" ">
    <subfield code="a">juaut</subfield>
  </datafield>
  <datafield tag="960" ind1=" " ind2=" ">
    <subfield code="a">jubicj</subfield>
  </datafield>
  <datafield tag="984" ind1=" " ind2=" ">
    <subfield code="2">jumat</subfield>
    <subfield code="a">enseignement ; histoire : enseignement ; jura bernois i</subfield>
  </datafield>
  <datafield tag="984" ind1=" " ind2=" ">
    <subfield code="2">cdu-jubicj</subfield>
    <subfield code="a">94/99</subfield>
  </datafield>
</record>