
<record>
  <leader>01327nam a2200337 a 4500</leader>
  <controlfield tag="001">vtls003220220</controlfield>
  <controlfield tag="005">20190117200300.0</controlfield>
  <controlfield tag="008">020719s2001    ja ||| |  ||||00|  |jpn d</controlfield>
  <datafield tag="020" ind1=" " ind2=" ">
    <subfield code="a">9784906536177</subfield>
  </datafield>
  <datafield tag="035" ind1=" " ind2=" ">
    <subfield code="a">R003220220</subfield>
  </datafield>
  <datafield tag="039" ind1=" " ind2="7">
    <subfield code="b">6201</subfield>
  </datafield>
  <datafield tag="039" ind1=" " ind2="9">
    <subfield code="a">201901172003</subfield>
    <subfield code="b">VLOAD</subfield>
    <subfield code="c">201812081719</subfield>
    <subfield code="d">VLOAD</subfield>
    <subfield code="c">201808301621</subfield>
    <subfield code="d">VLOAD</subfield>
    <subfield code="c">201706161843</subfield>
    <subfield code="d">VLOAD</subfield>
    <subfield code="y">200207191115</subfield>
    <subfield code="z">6201</subfield>
  </datafield>
  <datafield tag="040" ind1=" " ind2=" ">
    <subfield code="a">RERO gevbaa</subfield>
  </datafield>
  <datafield tag="041" ind1="0" ind2=" ">
    <subfield code="a">eng</subfield>
    <subfield code="a">jpn</subfield>
  </datafield>
  <datafield tag="072" ind1=" " ind2="7">
    <subfield code="a">s1ba</subfield>
    <subfield code="2">rero</subfield>
  </datafield>
  <datafield tag="245" ind1="0" ind2="0">
    <subfield code="a">American heroism :</subfield>
    <subfield code="b">The National Museum of Western Art, Tokyo, August 7-October 14, 2001</subfield>
  </datafield>
  <datafield tag="264" ind1=" " ind2="1">
    <subfield code="a">Tokyo :</subfield>
    <subfield code="b">The National Museum of Western Art,</subfield>
    <subfield code="c">[2001]</subfield>
  </datafield>
  <datafield tag="264" ind1=" " ind2="4">
    <subfield code="c">© 2001</subfield>
  </datafield>
  <datafield tag="300" ind1=" " ind2=" ">
    <subfield code="a">117 p. :</subfield>
    <subfield code="b">ill. en noir et en coul. ;</subfield>
    <subfield code="c">31 cm</subfield>
  </datafield>
  <datafield tag="336" ind1=" " ind2=" ">
    <subfield code="b">txt</subfield>
    <subfield code="2">rdacontent</subfield>
  </datafield>
  <datafield tag="337" ind1=" " ind2=" ">
    <subfield code="b">n</subfield>
    <subfield code="2">rdamedia</subfield>
  </datafield>
  <datafield tag="338" ind1=" " ind2=" ">
    <subfield code="b">nc</subfield>
    <subfield code="2">rdacarrier</subfield>
  </datafield>
  <datafield tag="500" ind1=" " ind2=" ">
    <subfield code="a">Texte bilingue anglais et japonais</subfield>
  </datafield>
  <datafield tag="500" ind1=" " ind2=" ">
    <subfield code="a">Exposition. Tokyo. National Museum of Western Art. 2001</subfield>
  </datafield>
  <datafield tag="650" ind1=" " ind2="7">
    <subfield code="0">(RERO)A023110261</subfield>
    <subfield code="a">18e siècle (fin)-20e siècle (1re moitié)</subfield>
    <subfield code="2">rero</subfield>
  </datafield>
  <datafield tag="650" ind1=" " ind2="7">
    <subfield code="0">(RERO)A021069644</subfield>
    <subfield code="a">Art américain</subfield>
    <subfield code="2">rero</subfield>
  </datafield>
  <datafield tag="655" ind1=" " ind2="7">
    <subfield code="0">(RERO)A021004924</subfield>
    <subfield code="a">[Catalogues d&apos;exposition]</subfield>
    <subfield code="2">rero</subfield>
  </datafield>
  <datafield tag="902" ind1=" " ind2=" ">
    <subfield code="a">gevbaa</subfield>
    <subfield code="b">2002/07</subfield>
    <subfield code="c">503</subfield>
  </datafield>
  <datafield tag="919" ind1=" " ind2=" ">
    <subfield code="9">650 _7</subfield>
    <subfield code="a">art américain (Etats-Unis)</subfield>
    <subfield code="y">18e s. (fin) / 20e s. (1ère moitié)</subfield>
    <subfield code="v">[catalogue d&apos;exposition]</subfield>
    <subfield code="2">chrero</subfield>
  </datafield>
  <datafield tag="957" ind1=" " ind2=" ">
    <subfield code="a">gevbaa</subfield>
  </datafield>
  <datafield tag="992" ind1=" " ind2=" ">
    <subfield code="a">BAA E 2001 TOKYO</subfield>
    <subfield code="x">ge/vbaa/e/2002/5732</subfield>
  </datafield>
</record>