
<record>
  <leader>01271nam a2200361 a 4500</leader>
  <controlfield tag="001">vtls002706621</controlfield>
  <controlfield tag="005">20181208153800.0</controlfield>
  <controlfield tag="008">010121s1999    gw ||| |  ||||00|  |ger d</controlfield>
  <datafield tag="020" ind1=" " ind2=" ">
    <subfield code="a">9783805319010</subfield>
  </datafield>
  <datafield tag="035" ind1=" " ind2=" ">
    <subfield code="a">R270662160</subfield>
  </datafield>
  <datafield tag="039" ind1=" " ind2=" ">
    <subfield code="b">7320i</subfield>
  </datafield>
  <datafield tag="039" ind1=" " ind2="9">
    <subfield code="a">201812081538</subfield>
    <subfield code="b">VLOAD</subfield>
    <subfield code="c">201706111218</subfield>
    <subfield code="d">VLOAD</subfield>
    <subfield code="c">201612131028</subfield>
    <subfield code="d">VLOAD</subfield>
    <subfield code="c">200812221315</subfield>
    <subfield code="d">VLOAD</subfield>
    <subfield code="y">200009202314</subfield>
    <subfield code="z">VLOAD</subfield>
  </datafield>
  <datafield tag="040" ind1=" " ind2=" ">
    <subfield code="a">RERO geulsa</subfield>
  </datafield>
  <datafield tag="072" ind1=" " ind2="7">
    <subfield code="a">s1or</subfield>
    <subfield code="2">rero</subfield>
  </datafield>
  <datafield tag="100" ind1="1" ind2=" ">
    <subfield code="0">(RERO)A003018146</subfield>
    <subfield code="a">Boehmer, Rainer Michael</subfield>
    <subfield code="4">cre</subfield>
  </datafield>
  <datafield tag="245" ind1="1" ind2="0">
    <subfield code="a">Uruk :</subfield>
    <subfield code="b">früheste Siegelabrollungen /</subfield>
    <subfield code="c">von Rainer Michael Boehmer</subfield>
  </datafield>
  <datafield tag="264" ind1=" " ind2="1">
    <subfield code="a">Mainz am Rh. :</subfield>
    <subfield code="b">P. von Zabern,</subfield>
    <subfield code="c">1999</subfield>
  </datafield>
  <datafield tag="300" ind1=" " ind2=" ">
    <subfield code="a">XII, 214 p., 104 p. de pl. :</subfield>
    <subfield code="b">ill. ;</subfield>
    <subfield code="c">36 cm</subfield>
  </datafield>
  <datafield tag="336" ind1=" " ind2=" ">
    <subfield code="b">txt</subfield>
    <subfield code="2">rdacontent</subfield>
  </datafield>
  <datafield tag="337" ind1=" " ind2=" ">
    <subfield code="b">n</subfield>
    <subfield code="2">rdamedia</subfield>
  </datafield>
  <datafield tag="338" ind1=" " ind2=" ">
    <subfield code="b">nc</subfield>
    <subfield code="2">rdacarrier</subfield>
  </datafield>
  <datafield tag="490" ind1="1" ind2=" ">
    <subfield code="a">Ausgrabungen in Uruk-Warka. Endberichte</subfield>
    <subfield code="v">24</subfield>
  </datafield>
  <datafield tag="650" ind1=" " ind2="7">
    <subfield code="0">(RERO)A027728342</subfield>
    <subfield code="a">Sceaux akkadiens</subfield>
    <subfield code="2">rero</subfield>
  </datafield>
  <datafield tag="651" ind1=" " ind2="7">
    <subfield code="0">(RERO)A010015864</subfield>
    <subfield code="a">Ourouk (Irak)</subfield>
    <subfield code="2">rero</subfield>
  </datafield>
  <datafield tag="830" ind1=" " ind2="0">
    <subfield code="a">Ausgrabungen in Uruk-Warka.</subfield>
    <subfield code="p">Endberichte</subfield>
    <subfield code="v">24</subfield>
  </datafield>
  <datafield tag="901" ind1=" " ind2=" ">
    <subfield code="a">LAR BHT</subfield>
    <subfield code="b">2001/10</subfield>
    <subfield code="c">SAT</subfield>
  </datafield>
  <datafield tag="902" ind1=" " ind2=" ">
    <subfield code="a">geulsa</subfield>
    <subfield code="b">2000/06</subfield>
  </datafield>
  <datafield tag="919" ind1=" " ind2=" ">
    <subfield code="9">650 _7</subfield>
    <subfield code="a">sceau akkadien</subfield>
    <subfield code="z">Ourouk (Irak)</subfield>
    <subfield code="2">chrero</subfield>
  </datafield>
  <datafield tag="956" ind1=" " ind2=" ">
    <subfield code="a">frbcuc</subfield>
  </datafield>
  <datafield tag="957" ind1=" " ind2=" ">
    <subfield code="a">geulsa</subfield>
  </datafield>
  <datafield tag="981" ind1=" " ind2=" ">
    <subfield code="2">CDU</subfield>
    <subfield code="a">94.2</subfield>
  </datafield>
  <datafield tag="982" ind1=" " ind2=" ">
    <subfield code="2">ge-ulsa</subfield>
    <subfield code="a">OC:A f*Iraq Uruk AUWE 24</subfield>
  </datafield>
  <datafield tag="992" ind1=" " ind2=" ">
    <subfield code="a">BFLC 321/24</subfield>
    <subfield code="x">ge/ulsa/a/2000/164</subfield>
  </datafield>
</record>