
<record>
  <leader>01096nam a2200313 a 4500</leader>
  <controlfield tag="001">vtls002701124</controlfield>
  <controlfield tag="005">20170611120800.0</controlfield>
  <controlfield tag="008">000918s1999    it ||| |  ||||00|  |ita d</controlfield>
  <datafield tag="020" ind1=" " ind2=" ">
    <subfield code="a">9788835946755</subfield>
  </datafield>
  <datafield tag="035" ind1=" " ind2=" ">
    <subfield code="a">R270112460</subfield>
  </datafield>
  <datafield tag="039" ind1=" " ind2=" ">
    <subfield code="b">7400i</subfield>
  </datafield>
  <datafield tag="039" ind1=" " ind2="9">
    <subfield code="a">201706111208</subfield>
    <subfield code="b">VLOAD</subfield>
    <subfield code="c">200812221315</subfield>
    <subfield code="d">VLOAD</subfield>
    <subfield code="c">200406160752</subfield>
    <subfield code="d">VLOAD</subfield>
    <subfield code="y">200009181423</subfield>
    <subfield code="z">VLOAD</subfield>
  </datafield>
  <datafield tag="040" ind1=" " ind2=" ">
    <subfield code="a">RERO geueti</subfield>
  </datafield>
  <datafield tag="072" ind1=" " ind2="7">
    <subfield code="a">s1dr</subfield>
    <subfield code="2">rero</subfield>
  </datafield>
  <datafield tag="100" ind1="1" ind2=" ">
    <subfield code="0">(RERO)A006004727</subfield>
    <subfield code="a">Soda, Antonio</subfield>
    <subfield code="4">cre</subfield>
  </datafield>
  <datafield tag="245" ind1="1" ind2="3">
    <subfield code="a">Le organizzazioni internazionali :</subfield>
    <subfield code="b">politica, economie, società : dizionario /</subfield>
    <subfield code="c">Antonio Soda</subfield>
  </datafield>
  <datafield tag="264" ind1=" " ind2="1">
    <subfield code="a">Roma :</subfield>
    <subfield code="b">Libri dell&apos;altritalia,</subfield>
    <subfield code="c">1999</subfield>
  </datafield>
  <datafield tag="300" ind1=" " ind2=" ">
    <subfield code="a">143 p. ;</subfield>
    <subfield code="c">18 cm</subfield>
  </datafield>
  <datafield tag="336" ind1=" " ind2=" ">
    <subfield code="b">txt</subfield>
    <subfield code="2">rdacontent</subfield>
  </datafield>
  <datafield tag="337" ind1=" " ind2=" ">
    <subfield code="b">n</subfield>
    <subfield code="2">rdamedia</subfield>
  </datafield>
  <datafield tag="338" ind1=" " ind2=" ">
    <subfield code="b">nc</subfield>
    <subfield code="2">rdacarrier</subfield>
  </datafield>
  <datafield tag="650" ind1=" " ind2="7">
    <subfield code="0">(RERO)A021005786</subfield>
    <subfield code="a">Organisations internationales</subfield>
    <subfield code="2">rero</subfield>
  </datafield>
  <datafield tag="655" ind1=" " ind2="7">
    <subfield code="0">(RERO)A010182394</subfield>
    <subfield code="a">[dictionnaire]</subfield>
    <subfield code="2">rerovoc</subfield>
  </datafield>
  <datafield tag="902" ind1=" " ind2=" ">
    <subfield code="a">geueti</subfield>
    <subfield code="b">2000/05</subfield>
  </datafield>
  <datafield tag="919" ind1=" " ind2=" ">
    <subfield code="9">650 _7</subfield>
    <subfield code="a">organisations internationales</subfield>
    <subfield code="v">[dictionnaire]</subfield>
    <subfield code="2">chrero</subfield>
  </datafield>
  <datafield tag="957" ind1=" " ind2=" ">
    <subfield code="a">geueti</subfield>
  </datafield>
  <datafield tag="982" ind1=" " ind2=" ">
    <subfield code="0">(RERO)6A004067559</subfield>
    <subfield code="2">eti1</subfield>
    <subfield code="a">341.1103</subfield>
  </datafield>
  <datafield tag="982" ind1=" " ind2=" ">
    <subfield code="2">eti2</subfield>
    <subfield code="a">341.1103 SOD</subfield>
  </datafield>
  <datafield tag="992" ind1=" " ind2=" ">
    <subfield code="a">ETIA 16232</subfield>
    <subfield code="x">ge/ueti/a/32089</subfield>
  </datafield>
</record>