
<record>
  <leader>01209cjm a2200325 a 4500</leader>
  <controlfield tag="001">vtls005918723</controlfield>
  <controlfield tag="005">20190704125700.0</controlfield>
  <controlfield tag="007">s|</controlfield>
  <controlfield tag="008">110203m20002004xxu|||||  |||| || ||rus d</controlfield>
  <datafield tag="024" ind1="1" ind2=" ">
    <subfield code="a">604907014223 (vol. 5)</subfield>
  </datafield>
  <datafield tag="028" ind1="0" ind2="2">
    <subfield code="a">Arbiter 142</subfield>
  </datafield>
  <datafield tag="035" ind1=" " ind2=" ">
    <subfield code="a">R005918723</subfield>
  </datafield>
  <datafield tag="039" ind1=" " ind2="9">
    <subfield code="a">201907041257</subfield>
    <subfield code="b">VLOAD</subfield>
    <subfield code="c">201705301407</subfield>
    <subfield code="d">VLOAD</subfield>
    <subfield code="c">201502080939</subfield>
    <subfield code="d">VLOAD</subfield>
    <subfield code="c">201207281410</subfield>
    <subfield code="d">VLOAD</subfield>
    <subfield code="y">201102031356</subfield>
    <subfield code="z">1030</subfield>
  </datafield>
  <datafield tag="040" ind1=" " ind2=" ">
    <subfield code="a">IHE</subfield>
    <subfield code="d">OCLCQ</subfield>
    <subfield code="d">DLC</subfield>
    <subfield code="d">RERO vsbcvs</subfield>
  </datafield>
  <datafield tag="041" ind1="0" ind2=" ">
    <subfield code="a">rus</subfield>
  </datafield>
  <datafield tag="072" ind1=" " ind2="7">
    <subfield code="a">s1mu</subfield>
    <subfield code="2">rero</subfield>
  </datafield>
  <datafield tag="100" ind1="1" ind2=" ">
    <subfield code="0">(RERO)A000195745</subfield>
    <subfield code="a">Shali︠a︡pin, Fedor Ivanovich</subfield>
    <subfield code="4">cre</subfield>
  </datafield>
  <datafield tag="245" ind1="1" ind2="4">
    <subfield code="a">The Chaliapin edition</subfield>
  </datafield>
  <datafield tag="264" ind1=" " ind2="1">
    <subfield code="a">Linden Hill Station, N.Y. :</subfield>
    <subfield code="b">Arbiter,</subfield>
    <subfield code="c">2000-2004</subfield>
  </datafield>
  <datafield tag="300" ind1=" " ind2=" ">
    <subfield code="a">5 disques compacts</subfield>
  </datafield>
  <datafield tag="336" ind1=" " ind2=" ">
    <subfield code="b">prm</subfield>
    <subfield code="2">rdacontent</subfield>
  </datafield>
  <datafield tag="337" ind1=" " ind2=" ">
    <subfield code="b">s</subfield>
    <subfield code="2">rdamedia</subfield>
  </datafield>
  <datafield tag="338" ind1=" " ind2=" ">
    <subfield code="b">sd</subfield>
    <subfield code="2">rdacarrier</subfield>
  </datafield>
  <datafield tag="500" ind1=" " ind2=" ">
    <subfield code="a">From the private collection of Vladimir Gurvich</subfield>
  </datafield>
  <datafield tag="500" ind1=" " ind2=" ">
    <subfield code="a">Program notes by Joseph Darsky and Mark Zaltsberg, and texts with English translations inserted in containers</subfield>
  </datafield>
  <datafield tag="505" ind1="0" ind2=" ">
    <subfield code="a">Vol. 5: American &amp; British recordings, 1913-1921. - 2004</subfield>
  </datafield>
  <datafield tag="511" ind1="0" ind2=" ">
    <subfield code="a">Feodor Chaliapin (chant) ; accompagné par divers orchestres et pianistes</subfield>
  </datafield>
  <datafield tag="900" ind1=" " ind2="1">
    <subfield code="a">LOC</subfield>
    <subfield code="b">20110203</subfield>
    <subfield code="c">Droits réservés</subfield>
  </datafield>
  <datafield tag="973" ind1=" " ind2=" ">
    <subfield code="a">vsbcvs</subfield>
  </datafield>
  <datafield tag="986" ind1=" " ind2=" ">
    <subfield code="2">vs-pratcd</subfield>
    <subfield code="a">57</subfield>
  </datafield>
</record>