
<record>
  <leader>01384ncm a2200325 a 4500</leader>
  <controlfield tag="001">vtls000135173</controlfield>
  <controlfield tag="005">20170515142900.0</controlfield>
  <controlfield tag="008">960525s1920    xxk|||||| |||||||  |ger d</controlfield>
  <datafield tag="028" ind1="2" ind2="2">
    <subfield code="a">E.E. 4838</subfield>
  </datafield>
  <datafield tag="028" ind1="3" ind2="2">
    <subfield code="a">EE 1038</subfield>
  </datafield>
  <datafield tag="035" ind1=" " ind2=" ">
    <subfield code="a">0140931</subfield>
  </datafield>
  <datafield tag="039" ind1=" " ind2="9">
    <subfield code="a">201705151429</subfield>
    <subfield code="b">VLOAD</subfield>
    <subfield code="c">201703271420</subfield>
    <subfield code="d">VLOAD</subfield>
    <subfield code="c">201605131554</subfield>
    <subfield code="d">VLOAD</subfield>
    <subfield code="c">201603111059</subfield>
    <subfield code="d">VLOAD</subfield>
    <subfield code="y">1999022713360000</subfield>
    <subfield code="z">load</subfield>
  </datafield>
  <datafield tag="040" ind1=" " ind2=" ">
    <subfield code="a">RERO</subfield>
  </datafield>
  <datafield tag="072" ind1=" " ind2="7">
    <subfield code="a">s1mu</subfield>
    <subfield code="2">rero</subfield>
  </datafield>
  <datafield tag="100" ind1="1" ind2=" ">
    <subfield code="0">(RERO)A000015097</subfield>
    <subfield code="a">Bach, Johann Sebastian</subfield>
    <subfield code="4">cre</subfield>
  </datafield>
  <datafield tag="245" ind1="1" ind2="0">
    <subfield code="a">Jauchzet Gott in allen Landen :</subfield>
    <subfield code="b">&lt;Dominica 15 post Trinitatis et in ogni Tempo&gt; : Kantate No 51 /</subfield>
    <subfield code="c">von Johann Sebastian Bach ; ed. [...] and with foreword by Arnold Schering</subfield>
  </datafield>
  <datafield tag="264" ind1=" " ind2="1">
    <subfield code="a">London ;</subfield>
    <subfield code="a">Zuerich :</subfield>
    <subfield code="b">E. Eulenburg,</subfield>
    <subfield code="c">[ca 1920]. -[date de publication non identifiée]</subfield>
  </datafield>
  <datafield tag="300" ind1=" " ind2=" ">
    <subfield code="a">1 PARTITION DE POCHE (IX, 26) p. ;</subfield>
    <subfield code="c">19 cm</subfield>
  </datafield>
  <datafield tag="336" ind1=" " ind2=" ">
    <subfield code="b">ntm</subfield>
    <subfield code="2">rdacontent</subfield>
  </datafield>
  <datafield tag="337" ind1=" " ind2=" ">
    <subfield code="b">n</subfield>
    <subfield code="2">rdamedia</subfield>
  </datafield>
  <datafield tag="338" ind1=" " ind2=" ">
    <subfield code="b">nc</subfield>
    <subfield code="2">rdacarrier</subfield>
  </datafield>
  <datafield tag="490" ind1="1" ind2=" ">
    <subfield code="a">Eulenburgs kleine Partitur-Ausgabe</subfield>
    <subfield code="v">No 1038</subfield>
  </datafield>
  <datafield tag="700" ind1="1" ind2=" ">
    <subfield code="0">(RERO)A003795108</subfield>
    <subfield code="a">Schering, Arnold,</subfield>
    <subfield code="d">1877-1941</subfield>
  </datafield>
  <datafield tag="700" ind1="1" ind2="2">
    <subfield code="a">Bach, Johann Sebastian. -</subfield>
    <subfield code="t">Jauchzet Gott in allen Landen</subfield>
    <subfield code="h">[Musique imprimée]</subfield>
  </datafield>
  <datafield tag="830" ind1=" " ind2="0">
    <subfield code="a">Eulenburg&apos;s Kleine Orchester-Partitur-Ausgabe</subfield>
    <subfield code="v">1038</subfield>
  </datafield>
  <datafield tag="904" ind1=" " ind2=" ">
    <subfield code="a">nencmna</subfield>
    <subfield code="b">2012/02</subfield>
  </datafield>
  <datafield tag="962" ind1=" " ind2=" ">
    <subfield code="a">nencm-</subfield>
  </datafield>
  <datafield tag="980" ind1=" " ind2=" ">
    <subfield code="2">musg</subfield>
    <subfield code="a">Cantate sacrée</subfield>
    <subfield code="d">voix (1S), orchestre</subfield>
    <subfield code="e">1701-1750</subfield>
  </datafield>
  <datafield tag="980" ind1=" " ind2=" ">
    <subfield code="2">musi</subfield>
    <subfield code="a">voix (1S), orchestre</subfield>
  </datafield>
  <datafield tag="984" ind1=" " ind2=" ">
    <subfield code="2">cdu-nencm</subfield>
    <subfield code="a">(07)783.11BAC3Can51</subfield>
  </datafield>
</record>