
<record>
  <leader>01532nam a2200361 a 4500</leader>
  <controlfield tag="001">vtls002670829</controlfield>
  <controlfield tag="005">20180828111400.0</controlfield>
  <controlfield tag="008">000913s1978    xxk||| |  ||||00|  |eng d</controlfield>
  <datafield tag="020" ind1=" " ind2=" ">
    <subfield code="a">9780521219266</subfield>
  </datafield>
  <datafield tag="035" ind1=" " ind2=" ">
    <subfield code="a">R267082960</subfield>
  </datafield>
  <datafield tag="039" ind1=" " ind2=" ">
    <subfield code="b">7360i</subfield>
  </datafield>
  <datafield tag="039" ind1=" " ind2="9">
    <subfield code="a">201808281114</subfield>
    <subfield code="b">VLOAD</subfield>
    <subfield code="c">201706111116</subfield>
    <subfield code="d">VLOAD</subfield>
    <subfield code="c">201506091213</subfield>
    <subfield code="d">VLOAD</subfield>
    <subfield code="c">201301141643</subfield>
    <subfield code="d">8685</subfield>
    <subfield code="y">200009131438</subfield>
    <subfield code="z">VLOAD</subfield>
  </datafield>
  <datafield tag="040" ind1=" " ind2=" ">
    <subfield code="a">RERO geullg</subfield>
  </datafield>
  <datafield tag="041" ind1="0" ind2=" ">
    <subfield code="a">fre</subfield>
    <subfield code="a">eng</subfield>
  </datafield>
  <datafield tag="072" ind1=" " ind2="7">
    <subfield code="a">s1lg</subfield>
    <subfield code="2">rero</subfield>
  </datafield>
  <datafield tag="245" ind1="0" ind2="0">
    <subfield code="a">Language teaching and linguistics :</subfield>
    <subfield code="b">surveys /</subfield>
    <subfield code="c">Centre for Information on Language Teaching and Research and English Teaching Information Centre of the British Council ; ed. by Valerie Kinsella</subfield>
  </datafield>
  <datafield tag="264" ind1=" " ind2="1">
    <subfield code="a">Cambridge [etc.] :</subfield>
    <subfield code="b">Cambridge Univ. Press,</subfield>
    <subfield code="c">1978</subfield>
  </datafield>
  <datafield tag="300" ind1=" " ind2=" ">
    <subfield code="a">204 p. :</subfield>
    <subfield code="b">ill. ;</subfield>
    <subfield code="c">21 cm</subfield>
  </datafield>
  <datafield tag="336" ind1=" " ind2=" ">
    <subfield code="b">txt</subfield>
    <subfield code="2">rdacontent</subfield>
  </datafield>
  <datafield tag="337" ind1=" " ind2=" ">
    <subfield code="b">n</subfield>
    <subfield code="2">rdamedia</subfield>
  </datafield>
  <datafield tag="338" ind1=" " ind2=" ">
    <subfield code="b">nc</subfield>
    <subfield code="2">rdacarrier</subfield>
  </datafield>
  <datafield tag="500" ind1=" " ind2=" ">
    <subfield code="a">&quot;Articles which originally appeared in the journal Language teaching and linguistics abstracts&quot;</subfield>
  </datafield>
  <datafield tag="650" ind1=" " ind2="7">
    <subfield code="0">(RERO)A021001951</subfield>
    <subfield code="a">Linguistique</subfield>
    <subfield code="2">rero</subfield>
  </datafield>
  <datafield tag="650" ind1=" " ind2="7">
    <subfield code="0">(RERO)A021102510</subfield>
    <subfield code="a">Langues</subfield>
    <subfield code="2">rero</subfield>
  </datafield>
  <datafield tag="650" ind1=" " ind2="7">
    <subfield code="0">(RERO)A021017034</subfield>
    <subfield code="a">Étude et enseignement</subfield>
    <subfield code="2">rero</subfield>
  </datafield>
  <datafield tag="655" ind1=" " ind2="7">
    <subfield code="0">(RERO)A022249905</subfield>
    <subfield code="a">[Études diverses]</subfield>
    <subfield code="2">rero</subfield>
  </datafield>
  <datafield tag="700" ind1="1" ind2=" ">
    <subfield code="0">(RERO)A003455224</subfield>
    <subfield code="a">Kinsella, Valerie</subfield>
  </datafield>
  <datafield tag="710" ind1="2" ind2=" ">
    <subfield code="0">(RERO)A000032128</subfield>
    <subfield code="a">Centre for Information on Language Teaching and Research (London)</subfield>
  </datafield>
  <datafield tag="919" ind1=" " ind2=" ">
    <subfield code="9">650 _7</subfield>
    <subfield code="a">langue - enseignement</subfield>
    <subfield code="x">linguistique</subfield>
    <subfield code="v">[études diverses]</subfield>
    <subfield code="2">chrero</subfield>
  </datafield>
  <datafield tag="957" ind1=" " ind2=" ">
    <subfield code="a">geullg</subfield>
  </datafield>
  <datafield tag="962" ind1=" " ind2=" ">
    <subfield code="a">neupam</subfield>
  </datafield>
  <datafield tag="982" ind1=" " ind2=" ">
    <subfield code="2">ge-ullg</subfield>
    <subfield code="a">K1*Lan KIN</subfield>
  </datafield>
  <datafield tag="984" ind1=" " ind2=" ">
    <subfield code="0">(RERO)3A001993552</subfield>
    <subfield code="2">cdu-neubfl-il</subfield>
    <subfield code="a">801:37</subfield>
  </datafield>
</record>