
<record>
  <leader>01170cam a2200325 a 4500</leader>
  <controlfield tag="001">vtls002050530</controlfield>
  <controlfield tag="005">20180827191200.0</controlfield>
  <controlfield tag="008">001223s1996    fr |||||| ||||00|| |fre d</controlfield>
  <datafield tag="019" ind1=" " ind2=" ">
    <subfield code="a">Catalogué d&apos;après la couverture.</subfield>
    <subfield code="9">13.08.1996/labcud/nr</subfield>
  </datafield>
  <datafield tag="020" ind1=" " ind2=" ">
    <subfield code="a">9782901428466</subfield>
  </datafield>
  <datafield tag="020" ind1=" " ind2=" ">
    <subfield code="a">9782879002415</subfield>
  </datafield>
  <datafield tag="035" ind1=" " ind2=" ">
    <subfield code="a">2235426</subfield>
  </datafield>
  <datafield tag="039" ind1=" " ind2=" ">
    <subfield code="b">3308c</subfield>
    <subfield code="b">9544f</subfield>
  </datafield>
  <datafield tag="039" ind1=" " ind2="9">
    <subfield code="a">201808271912</subfield>
    <subfield code="b">VLOAD</subfield>
    <subfield code="c">201706101606</subfield>
    <subfield code="d">VLOAD</subfield>
    <subfield code="c">201607250909</subfield>
    <subfield code="d">VLOAD</subfield>
    <subfield code="c">200812231019</subfield>
    <subfield code="d">VLOAD</subfield>
    <subfield code="y">1999030115390000</subfield>
    <subfield code="z">load</subfield>
  </datafield>
  <datafield tag="040" ind1=" " ind2=" ">
    <subfield code="a">RERO labcud</subfield>
  </datafield>
  <datafield tag="072" ind1=" " ind2="7">
    <subfield code="a">s1ba</subfield>
    <subfield code="2">rero</subfield>
  </datafield>
  <datafield tag="100" ind1="1" ind2=" ">
    <subfield code="0">(RERO)A000022153</subfield>
    <subfield code="a">Bourdelle, Antoine</subfield>
    <subfield code="4">cre</subfield>
  </datafield>
  <datafield tag="245" ind1="1" ind2="0">
    <subfield code="a">Quatre-vingts dessins de Bourdelle /</subfield>
    <subfield code="c">Véronique Gautherin</subfield>
  </datafield>
  <datafield tag="264" ind1=" " ind2="1">
    <subfield code="a">Paris :</subfield>
    <subfield code="b">Musée Rodin :</subfield>
    <subfield code="b">Paris-Musées,</subfield>
    <subfield code="c">1996</subfield>
  </datafield>
  <datafield tag="300" ind1=" " ind2=" ">
    <subfield code="a">1 portefeuille ([4] p., 80 f. de pl.) ;</subfield>
    <subfield code="c">34 cm</subfield>
  </datafield>
  <datafield tag="336" ind1=" " ind2=" ">
    <subfield code="b">txt</subfield>
    <subfield code="2">rdacontent</subfield>
  </datafield>
  <datafield tag="337" ind1=" " ind2=" ">
    <subfield code="b">n</subfield>
    <subfield code="2">rdamedia</subfield>
  </datafield>
  <datafield tag="338" ind1=" " ind2=" ">
    <subfield code="b">nc</subfield>
    <subfield code="2">rdacarrier</subfield>
  </datafield>
  <datafield tag="600" ind1="1" ind2="7">
    <subfield code="0">(RERO)A009969851</subfield>
    <subfield code="a">Bourdelle, Antoine</subfield>
    <subfield code="2">rero</subfield>
  </datafield>
  <datafield tag="650" ind1=" " ind2="7">
    <subfield code="0">(RERO)A021003906</subfield>
    <subfield code="a">Dessin</subfield>
    <subfield code="2">rero</subfield>
  </datafield>
  <datafield tag="700" ind1="1" ind2=" ">
    <subfield code="0">(RERO)A003283554</subfield>
    <subfield code="a">Gautherin, Véronique</subfield>
  </datafield>
  <datafield tag="904" ind1=" " ind2=" ">
    <subfield code="a">bpunfar</subfield>
    <subfield code="b">9904</subfield>
    <subfield code="c">13</subfield>
  </datafield>
  <datafield tag="919" ind1=" " ind2=" ">
    <subfield code="9">600 17</subfield>
    <subfield code="a">Bourdelle, Antoine - dessin</subfield>
    <subfield code="2">chrero</subfield>
  </datafield>
  <datafield tag="962" ind1=" " ind2=" ">
    <subfield code="a">nebpun</subfield>
  </datafield>
  <datafield tag="994" ind1=" " ind2=" ">
    <subfield code="a">FG 1163</subfield>
    <subfield code="x">ne/bpun/a/1997/769</subfield>
  </datafield>
</record>