
<record>
  <leader>00817naa a22002297a 4500</leader>
  <controlfield tag="001">vtls003445220</controlfield>
  <controlfield tag="005">20170518132200.0</controlfield>
  <controlfield tag="008">980412s1967    xx ||| |  ||||00|  0ger d</controlfield>
  <datafield tag="035" ind1=" " ind2=" ">
    <subfield code="a">R003445220</subfield>
  </datafield>
  <datafield tag="039" ind1=" " ind2="9">
    <subfield code="a">201705181322</subfield>
    <subfield code="b">VLOAD</subfield>
    <subfield code="c">201605141126</subfield>
    <subfield code="d">VLOAD</subfield>
    <subfield code="c">201210191807</subfield>
    <subfield code="d">VLOAD</subfield>
    <subfield code="c">201112192206</subfield>
    <subfield code="d">VLOAD</subfield>
    <subfield code="y">200506232316</subfield>
    <subfield code="z">VLOAD</subfield>
  </datafield>
  <datafield tag="040" ind1=" " ind2=" ">
    <subfield code="a">RERO gewcc-</subfield>
  </datafield>
  <datafield tag="072" ind1=" " ind2="7">
    <subfield code="a">s1th</subfield>
    <subfield code="2">rero</subfield>
  </datafield>
  <datafield tag="100" ind1="1" ind2=" ">
    <subfield code="0">(RERO)A012379545</subfield>
    <subfield code="a">Hoffmann, Erich,</subfield>
    <subfield code="c">théologien</subfield>
    <subfield code="4">cre</subfield>
  </datafield>
  <datafield tag="245" ind1="1" ind2="0">
    <subfield code="a">Gedanken zur Weltkonferenz &apos;Kirche und Gesellschaft&apos;, Genf 1966 /</subfield>
    <subfield code="c">Erich Hoffmann</subfield>
  </datafield>
  <datafield tag="264" ind1=" " ind2="1">
    <subfield code="c">1967</subfield>
  </datafield>
  <datafield tag="336" ind1=" " ind2=" ">
    <subfield code="b">txt</subfield>
    <subfield code="2">rdacontent</subfield>
  </datafield>
  <datafield tag="337" ind1=" " ind2=" ">
    <subfield code="b">n</subfield>
    <subfield code="2">rdamedia</subfield>
  </datafield>
  <datafield tag="338" ind1=" " ind2=" ">
    <subfield code="b">nc</subfield>
    <subfield code="2">rdacarrier</subfield>
  </datafield>
  <datafield tag="580" ind1=" " ind2=" ">
    <subfield code="a">In: Ökumenische Rundschau ; v. 16 (1967) no. 1, p. 65-72</subfield>
  </datafield>
  <datafield tag="773" ind1="1" ind2=" ">
    <subfield code="t">Ökumenische Rundschau</subfield>
    <subfield code="g">v. 16 (1967) no. 1, p. 65-72</subfield>
  </datafield>
  <datafield tag="957" ind1=" " ind2=" ">
    <subfield code="a">gewcc-</subfield>
  </datafield>
  <datafield tag="982" ind1=" " ind2=" ">
    <subfield code="2">wccsh</subfield>
    <subfield code="a">Geneva, 1966</subfield>
  </datafield>
</record>