
<record>
  <leader>01087nam a2200289 a 4500</leader>
  <controlfield tag="001">vtls000569922</controlfield>
  <controlfield tag="005">20170516111400.0</controlfield>
  <controlfield tag="008">850729s1983    xxu|||||| ||||00|| |heb d</controlfield>
  <datafield tag="020" ind1=" " ind2=" ">
    <subfield code="a">9780961055806</subfield>
  </datafield>
  <datafield tag="035" ind1=" " ind2=" ">
    <subfield code="a">0630728</subfield>
  </datafield>
  <datafield tag="039" ind1=" " ind2="9">
    <subfield code="a">201705161114</subfield>
    <subfield code="b">VLOAD</subfield>
    <subfield code="c">200610311356</subfield>
    <subfield code="d">7350</subfield>
    <subfield code="c">200605281307</subfield>
    <subfield code="d">VLOAD</subfield>
    <subfield code="y">1999022800390000</subfield>
    <subfield code="z">load</subfield>
  </datafield>
  <datafield tag="040" ind1=" " ind2=" ">
    <subfield code="a">RERO frbcuc</subfield>
  </datafield>
  <datafield tag="041" ind1="0" ind2=" ">
    <subfield code="a">heb</subfield>
    <subfield code="a">eng</subfield>
  </datafield>
  <datafield tag="072" ind1=" " ind2="7">
    <subfield code="a">s1th</subfield>
    <subfield code="2">rero</subfield>
  </datafield>
  <datafield tag="100" ind1="0" ind2=" ">
    <subfield code="0">(RERO)A000153720</subfield>
    <subfield code="a">Rashi,</subfield>
    <subfield code="d">1040-1105</subfield>
    <subfield code="4">cre</subfield>
  </datafield>
  <datafield tag="245" ind1="1" ind2="4">
    <subfield code="a">The Megilloth and Rashi&apos;s commentary with linear translation /</subfield>
    <subfield code="c">translated by Rabbi Avraham Schwartz and Rabbi Yisroel Schwartz</subfield>
  </datafield>
  <datafield tag="264" ind1=" " ind2="1">
    <subfield code="a">New York :</subfield>
    <subfield code="b">Hebrew Linear Classics,</subfield>
    <subfield code="c">1983</subfield>
  </datafield>
  <datafield tag="300" ind1=" " ind2=" ">
    <subfield code="a">181 p. ;</subfield>
    <subfield code="c">27 cm</subfield>
  </datafield>
  <datafield tag="336" ind1=" " ind2=" ">
    <subfield code="b">txt</subfield>
    <subfield code="2">rdacontent</subfield>
  </datafield>
  <datafield tag="337" ind1=" " ind2=" ">
    <subfield code="b">n</subfield>
    <subfield code="2">rdamedia</subfield>
  </datafield>
  <datafield tag="338" ind1=" " ind2=" ">
    <subfield code="b">nc</subfield>
    <subfield code="2">rdacarrier</subfield>
  </datafield>
  <datafield tag="500" ind1=" " ind2=" ">
    <subfield code="a">Contient: The Book of Esther, the Songs of Songs, Ruth</subfield>
  </datafield>
  <datafield tag="500" ind1=" " ind2=" ">
    <subfield code="a">Porte également le titre en hébreu</subfield>
  </datafield>
  <datafield tag="700" ind1="1" ind2=" ">
    <subfield code="0">(RERO)A003811654</subfield>
    <subfield code="a">Schwartz, Avraham</subfield>
  </datafield>
  <datafield tag="730" ind1="0" ind2=" ">
    <subfield code="a">Bible.</subfield>
    <subfield code="n">093.</subfield>
    <subfield code="p">A.T.</subfield>
    <subfield code="p">Megillot.</subfield>
    <subfield code="l">Hébreu - anglais.</subfield>
    <subfield code="k">Extraits</subfield>
  </datafield>
  <datafield tag="730" ind1="0" ind2=" ">
    <subfield code="a">Bible.</subfield>
    <subfield code="n">014.</subfield>
    <subfield code="p">A.T.</subfield>
    <subfield code="p">Ruth.</subfield>
    <subfield code="l">Hébreu - anglais</subfield>
  </datafield>
  <datafield tag="956" ind1=" " ind2=" ">
    <subfield code="a">frbcuc</subfield>
  </datafield>
</record>