
<record>
  <leader>02097ncm a2200433 a 4500</leader>
  <controlfield tag="001">vtls003047114</controlfield>
  <controlfield tag="005">20170518140800.0</controlfield>
  <controlfield tag="008">010605m19919999gw ||| |  ||||0||  |ger d</controlfield>
  <datafield tag="019" ind1=" " ind2=" ">
    <subfield code="a">Bibliogr. dans KVK</subfield>
    <subfield code="9">vsbcvb/06.2001</subfield>
  </datafield>
  <datafield tag="020" ind1=" " ind2=" ">
    <subfield code="a">9783927190047</subfield>
  </datafield>
  <datafield tag="020" ind1=" " ind2=" ">
    <subfield code="a">9783927190283</subfield>
  </datafield>
  <datafield tag="020" ind1=" " ind2=" ">
    <subfield code="a">9783927190528</subfield>
  </datafield>
  <datafield tag="024" ind1="2" ind2=" ">
    <subfield code="a">4018262101065 (Bd. 1)</subfield>
  </datafield>
  <datafield tag="024" ind1="2" ind2=" ">
    <subfield code="a">M-700136-67-3 (Bd. 1)</subfield>
  </datafield>
  <datafield tag="024" ind1="2" ind2=" ">
    <subfield code="a">4018262101317 (Bd. 2)</subfield>
  </datafield>
  <datafield tag="024" ind1="2" ind2=" ">
    <subfield code="a">M-700136-57-4 (Bd. 2)</subfield>
  </datafield>
  <datafield tag="028" ind1="2" ind2="2">
    <subfield code="a">AMA 610106 (Bd. 1)</subfield>
  </datafield>
  <datafield tag="028" ind1="2" ind2="2">
    <subfield code="a">AMA 610131 (Bd.2 )</subfield>
  </datafield>
  <datafield tag="035" ind1=" " ind2=" ">
    <subfield code="a">R003047114</subfield>
  </datafield>
  <datafield tag="039" ind1=" " ind2="9">
    <subfield code="a">201705181408</subfield>
    <subfield code="b">VLOAD</subfield>
    <subfield code="c">201610071639</subfield>
    <subfield code="d">1323</subfield>
    <subfield code="c">201605141252</subfield>
    <subfield code="d">VLOAD</subfield>
    <subfield code="c">201506101606</subfield>
    <subfield code="d">1000</subfield>
    <subfield code="y">200106050952</subfield>
    <subfield code="z">1100</subfield>
  </datafield>
  <datafield tag="040" ind1=" " ind2=" ">
    <subfield code="a">RERO vsbcvb</subfield>
  </datafield>
  <datafield tag="072" ind1=" " ind2="7">
    <subfield code="a">s1mu</subfield>
    <subfield code="2">rero</subfield>
  </datafield>
  <datafield tag="245" ind1="0" ind2="0">
    <subfield code="a">Rock Ballads /</subfield>
    <subfield code="c">[arr. von] Peter Bursch, Jürgen Kumlehn</subfield>
  </datafield>
  <datafield tag="264" ind1=" " ind2="1">
    <subfield code="a">Brühl :</subfield>
    <subfield code="b">AMA Verl.,</subfield>
    <subfield code="c">1991-[199-?]</subfield>
  </datafield>
  <datafield tag="300" ind1=" " ind2=" ">
    <subfield code="a">3 vol. :</subfield>
    <subfield code="b">Ill. ;</subfield>
    <subfield code="c">30 cm</subfield>
  </datafield>
  <datafield tag="336" ind1=" " ind2=" ">
    <subfield code="b">ntm</subfield>
    <subfield code="2">rdacontent</subfield>
  </datafield>
  <datafield tag="337" ind1=" " ind2=" ">
    <subfield code="b">n</subfield>
    <subfield code="2">rdamedia</subfield>
  </datafield>
  <datafield tag="338" ind1=" " ind2=" ">
    <subfield code="b">nc</subfield>
    <subfield code="2">rdacarrier</subfield>
  </datafield>
  <datafield tag="505" ind1="0" ind2=" ">
    <subfield code="a">Bd. 1: Sailing. Lady in black. Dust in the wind. I still haven&apos;t found what I&apos;m looking for. Listen to your heart. Purple rain. Blaze of glory. Still loving you. Holiday. Angie. While my guitar gently weeps. With a little help from my friends. Wonderful tonight. A whiter shade of pale. Right here waiting. Another day in paradise. Brothers in arms. Still got the blues.</subfield>
  </datafield>
  <datafield tag="505" ind1="0" ind2=" ">
    <subfield code="a">Bd. 2: Stand by me. Michelle. Yesterday. Hey Jude. San Francisco. Atlantis. Ruby uesday. My sweet Lord. Nights in white satin. Sylvia&apos;s mother. Heart of gold. The needle and the damage done. Walk on the wild side. Love hurts. Boat on the river. I&apos;m on fire. On the beach. Wicked game. Wind of change. To be with you. Tears in Heaven. Don&apos;t cry. Cats in ihe cradle. Everything I do. What&apos;s up.</subfield>
  </datafield>
  <datafield tag="700" ind1="1" ind2=" ">
    <subfield code="0">(RERO)A006457408</subfield>
    <subfield code="a">Kumlehn, Jürgen</subfield>
  </datafield>
  <datafield tag="700" ind1="1" ind2=" ">
    <subfield code="0">(RERO)A009505377</subfield>
    <subfield code="a">Bursch, Peter</subfield>
  </datafield>
  <datafield tag="906" ind1=" " ind2=" ">
    <subfield code="a">bvs</subfield>
    <subfield code="n">2015/06</subfield>
    <subfield code="c">10</subfield>
  </datafield>
  <datafield tag="973" ind1=" " ind2=" ">
    <subfield code="a">vsbcvb vsbcvs</subfield>
  </datafield>
  <datafield tag="986" ind1=" " ind2=" ">
    <subfield code="2">brsw</subfield>
    <subfield code="a">Song ; Anthologie</subfield>
  </datafield>
  <datafield tag="986" ind1=" " ind2=" ">
    <subfield code="2">cdu-vsbcvb</subfield>
    <subfield code="a">782/785</subfield>
  </datafield>
  <datafield tag="986" ind1=" " ind2=" ">
    <subfield code="2">vs-part</subfield>
    <subfield code="a">76(65)</subfield>
  </datafield>
  <datafield tag="996" ind1=" " ind2=" ">
    <subfield code="x">vs/bcvb/a/11378 (Bd. 3)</subfield>
  </datafield>
  <datafield tag="996" ind1=" " ind2=" ">
    <subfield code="x">vs/bcvb/a/11377 (Bd. 2)</subfield>
  </datafield>
</record>