
<record>
  <leader>01207nas a2200337 a 4500</leader>
  <controlfield tag="001">vtls002195130</controlfield>
  <controlfield tag="005">20190705121100.0</controlfield>
  <controlfield tag="008">971001c19969999sa |||p|  ||||0 |  0eng d</controlfield>
  <datafield tag="022" ind1=" " ind2=" ">
    <subfield code="m">0441-6651</subfield>
  </datafield>
  <datafield tag="022" ind1=" " ind2=" ">
    <subfield code="a">2156-4574</subfield>
  </datafield>
  <datafield tag="035" ind1=" " ind2=" ">
    <subfield code="a">R219513060</subfield>
  </datafield>
  <datafield tag="039" ind1=" " ind2="7">
    <subfield code="b">6500</subfield>
  </datafield>
  <datafield tag="039" ind1=" " ind2="9">
    <subfield code="a">201907051211</subfield>
    <subfield code="b">VLOAD</subfield>
    <subfield code="c">201811161905</subfield>
    <subfield code="d">VLOAD</subfield>
    <subfield code="c">201706102013</subfield>
    <subfield code="d">VLOAD</subfield>
    <subfield code="c">201202241127</subfield>
    <subfield code="d">6500</subfield>
    <subfield code="y">1999030119240000</subfield>
    <subfield code="z">load0065</subfield>
  </datafield>
  <datafield tag="040" ind1=" " ind2=" ">
    <subfield code="a">RERO gevmhn</subfield>
  </datafield>
  <datafield tag="072" ind1=" " ind2="7">
    <subfield code="a">s1zo</subfield>
    <subfield code="2">rero</subfield>
  </datafield>
  <datafield tag="245" ind1="0" ind2="0">
    <subfield code="a">African journal of herpetology :</subfield>
    <subfield code="b">journal of the Herpetological Association of Africa</subfield>
  </datafield>
  <datafield tag="264" ind1=" " ind2="1">
    <subfield code="a">Bloemfontein :</subfield>
    <subfield code="b">H.A.A.</subfield>
  </datafield>
  <datafield tag="310" ind1=" " ind2=" ">
    <subfield code="a">Semestriel</subfield>
  </datafield>
  <datafield tag="336" ind1=" " ind2=" ">
    <subfield code="b">txt</subfield>
    <subfield code="2">rdacontent</subfield>
  </datafield>
  <datafield tag="337" ind1=" " ind2=" ">
    <subfield code="b">n</subfield>
    <subfield code="2">rdamedia</subfield>
  </datafield>
  <datafield tag="338" ind1=" " ind2=" ">
    <subfield code="b">nc</subfield>
    <subfield code="2">rdacarrier</subfield>
  </datafield>
  <datafield tag="362" ind1="0" ind2=" ">
    <subfield code="a">45(1996)-&gt;</subfield>
  </datafield>
  <datafield tag="580" ind1=" " ind2=" ">
    <subfield code="a">Fait suite à: Journal of the Herpetological Association of Africa</subfield>
  </datafield>
  <datafield tag="650" ind1=" " ind2="7">
    <subfield code="0">(RERO)A021018788</subfield>
    <subfield code="a">Herpétologie</subfield>
    <subfield code="2">rero</subfield>
  </datafield>
  <datafield tag="651" ind1=" " ind2="7">
    <subfield code="0">(RERO)A010040235</subfield>
    <subfield code="a">Afrique</subfield>
    <subfield code="2">rero</subfield>
  </datafield>
  <datafield tag="655" ind1=" " ind2="7">
    <subfield code="0">(RERO)A021002597</subfield>
    <subfield code="a">[Périodiques]</subfield>
    <subfield code="2">rero</subfield>
  </datafield>
  <datafield tag="710" ind1="2" ind2=" ">
    <subfield code="0">(RERO)A003366716</subfield>
    <subfield code="a">Herpetological Association of Africa</subfield>
  </datafield>
  <datafield tag="780" ind1="1" ind2="0">
    <subfield code="t">Journal of the Herpetological Association of Africa</subfield>
  </datafield>
  <datafield tag="919" ind1=" " ind2=" ">
    <subfield code="9">650 _7</subfield>
    <subfield code="a">herpétologie</subfield>
    <subfield code="z">Afrique</subfield>
    <subfield code="v">[périodique]</subfield>
    <subfield code="2">chrero</subfield>
  </datafield>
  <datafield tag="957" ind1=" " ind2=" ">
    <subfield code="a">gevmhn</subfield>
  </datafield>
  <datafield tag="982" ind1=" " ind2=" ">
    <subfield code="2">ge-vmhn</subfield>
    <subfield code="a">R 3 Af 1</subfield>
  </datafield>
</record>