
<record>
  <leader>01161nam a2200313 a 4500</leader>
  <controlfield tag="001">vtls002682529</controlfield>
  <controlfield tag="005">20190412114600.0</controlfield>
  <controlfield tag="008">000915s1993    fr |||||| ||||00|  |fre d</controlfield>
  <datafield tag="020" ind1=" " ind2=" ">
    <subfield code="a">9782251012841</subfield>
  </datafield>
  <datafield tag="035" ind1=" " ind2=" ">
    <subfield code="a">R268252960</subfield>
  </datafield>
  <datafield tag="039" ind1=" " ind2=" ">
    <subfield code="b">7320</subfield>
  </datafield>
  <datafield tag="039" ind1=" " ind2="9">
    <subfield code="a">201904121146</subfield>
    <subfield code="b">7951</subfield>
    <subfield code="c">201808081801</subfield>
    <subfield code="d">VLOAD</subfield>
    <subfield code="c">201807271522</subfield>
    <subfield code="d">VLOAD</subfield>
    <subfield code="c">201807261339</subfield>
    <subfield code="d">VLOAD</subfield>
    <subfield code="y">200009151715</subfield>
    <subfield code="z">VLOAD</subfield>
  </datafield>
  <datafield tag="040" ind1=" " ind2=" ">
    <subfield code="a">RERO geulsa</subfield>
  </datafield>
  <datafield tag="041" ind1="0" ind2=" ">
    <subfield code="a">fre</subfield>
    <subfield code="a">lat</subfield>
  </datafield>
  <datafield tag="072" ind1=" " ind2="7">
    <subfield code="a">s1la</subfield>
    <subfield code="2">rero</subfield>
  </datafield>
  <datafield tag="100" ind1="1" ind2=" ">
    <subfield code="0">(RERO)A000106164</subfield>
    <subfield code="a">Livius Patavinus, Titus</subfield>
    <subfield code="4">cre</subfield>
  </datafield>
  <datafield tag="245" ind1="1" ind2="0">
    <subfield code="a">Histoire romaine /</subfield>
    <subfield code="c">Tite-Live ; texte établi par Jean Bayet ; et trad. par Gaston Baillet.</subfield>
    <subfield code="n">T. 4,</subfield>
    <subfield code="p">Livre IV</subfield>
  </datafield>
  <datafield tag="250" ind1=" " ind2=" ">
    <subfield code="a">2e tirage revu, corrigé et augmente d&apos;un &quot;Index nominum&quot; /</subfield>
    <subfield code="b">par Charles Guittard</subfield>
  </datafield>
  <datafield tag="264" ind1=" " ind2="1">
    <subfield code="a">Paris :</subfield>
    <subfield code="b">Les Belles-Lettres,</subfield>
    <subfield code="c">1993</subfield>
  </datafield>
  <datafield tag="300" ind1=" " ind2=" ">
    <subfield code="a">XII, 166 p. dont p. 3-100 avec pag. double. ;</subfield>
    <subfield code="c">20 cm</subfield>
  </datafield>
  <datafield tag="336" ind1=" " ind2=" ">
    <subfield code="b">txt</subfield>
    <subfield code="2">rdacontent</subfield>
  </datafield>
  <datafield tag="337" ind1=" " ind2=" ">
    <subfield code="b">n</subfield>
    <subfield code="2">rdamedia</subfield>
  </datafield>
  <datafield tag="338" ind1=" " ind2=" ">
    <subfield code="b">nc</subfield>
    <subfield code="2">rdacarrier</subfield>
  </datafield>
  <datafield tag="700" ind1="1" ind2=" ">
    <subfield code="0">(RERO)A003331014</subfield>
    <subfield code="a">Guittard, Charles</subfield>
  </datafield>
  <datafield tag="800" ind1="1" ind2=" ">
    <subfield code="a">Livius Patavinus, Titus. -</subfield>
    <subfield code="t">Histoire romaine</subfield>
    <subfield code="v">4</subfield>
  </datafield>
  <datafield tag="902" ind1=" " ind2=" ">
    <subfield code="a">geulsa</subfield>
    <subfield code="b">2000/04</subfield>
  </datafield>
  <datafield tag="957" ind1=" " ind2=" ">
    <subfield code="a">geulsa</subfield>
  </datafield>
  <datafield tag="982" ind1=" " ind2=" ">
    <subfield code="2">ge-ulsa</subfield>
    <subfield code="a">L:LIV*304</subfield>
  </datafield>
  <datafield tag="992" ind1=" " ind2=" ">
    <subfield code="a">BFLA 32112/4</subfield>
    <subfield code="x">ge/ulsa/a/99/454</subfield>
  </datafield>
</record>