
<record>
  <leader>01179ncm a2200313 a 4500</leader>
  <controlfield tag="001">vtls002396622</controlfield>
  <controlfield tag="005">20180828202300.0</controlfield>
  <controlfield tag="008">981117q19801993gw |||||| |||||||  |ger d</controlfield>
  <datafield tag="028" ind1="3" ind2="2">
    <subfield code="a">EB Nr. 7192</subfield>
  </datafield>
  <datafield tag="035" ind1=" " ind2=" ">
    <subfield code="a">R239662260</subfield>
  </datafield>
  <datafield tag="039" ind1=" " ind2=" ">
    <subfield code="b">6701</subfield>
  </datafield>
  <datafield tag="039" ind1=" " ind2="9">
    <subfield code="a">201808282023</subfield>
    <subfield code="b">VLOAD</subfield>
    <subfield code="c">201803201150</subfield>
    <subfield code="d">0601</subfield>
    <subfield code="c">201705180916</subfield>
    <subfield code="d">VLOAD</subfield>
    <subfield code="c">201605140917</subfield>
    <subfield code="d">VLOAD</subfield>
    <subfield code="y">1999030200370000</subfield>
    <subfield code="z">load0067</subfield>
  </datafield>
  <datafield tag="040" ind1=" " ind2=" ">
    <subfield code="a">RERO gevbmu</subfield>
  </datafield>
  <datafield tag="072" ind1=" " ind2="7">
    <subfield code="a">s1mu</subfield>
    <subfield code="2">rero</subfield>
  </datafield>
  <datafield tag="100" ind1="1" ind2=" ">
    <subfield code="0">(RERO)A000015097</subfield>
    <subfield code="a">Bach, Johann Sebastian</subfield>
    <subfield code="4">cre</subfield>
  </datafield>
  <datafield tag="245" ind1="1" ind2="0">
    <subfield code="a">Kantate Nr. 192 :</subfield>
    <subfield code="b">&quot;Nun danket alle Gott&quot; : BWV 192 /</subfield>
    <subfield code="c">Johann Sebastian Bach ; Klavierauszug von Bernhard Todt</subfield>
  </datafield>
  <datafield tag="264" ind1=" " ind2="1">
    <subfield code="a">Wiesbaden :</subfield>
    <subfield code="b">Breitkopf &amp; Härtel,</subfield>
    <subfield code="c">[ca 1980]</subfield>
  </datafield>
  <datafield tag="300" ind1=" " ind2=" ">
    <subfield code="a">1 réduction (28 p.) ;</subfield>
    <subfield code="c">27 cm</subfield>
  </datafield>
  <datafield tag="336" ind1=" " ind2=" ">
    <subfield code="b">ntm</subfield>
    <subfield code="2">rdacontent</subfield>
  </datafield>
  <datafield tag="337" ind1=" " ind2=" ">
    <subfield code="b">n</subfield>
    <subfield code="2">rdamedia</subfield>
  </datafield>
  <datafield tag="338" ind1=" " ind2=" ">
    <subfield code="b">nc</subfield>
    <subfield code="2">rdacarrier</subfield>
  </datafield>
  <datafield tag="700" ind1="1" ind2="2">
    <subfield code="a">Bach, Johann Sebastian. -</subfield>
    <subfield code="t">Nun danket alle Gott</subfield>
    <subfield code="h">[Musique imprimée].</subfield>
    <subfield code="o">Réduction</subfield>
  </datafield>
  <datafield tag="901" ind1=" " ind2=" ">
    <subfield code="a">LAR COF</subfield>
    <subfield code="b">2018/03</subfield>
  </datafield>
  <datafield tag="956" ind1=" " ind2=" ">
    <subfield code="a">frvcof</subfield>
  </datafield>
  <datafield tag="957" ind1=" " ind2=" ">
    <subfield code="a">gevbmu</subfield>
  </datafield>
  <datafield tag="980" ind1=" " ind2=" ">
    <subfield code="2">musg</subfield>
    <subfield code="a">Cantate sacrée</subfield>
    <subfield code="d">voix (2S B), choeur mixte, orchestre</subfield>
    <subfield code="e">1701-1750</subfield>
  </datafield>
  <datafield tag="980" ind1=" " ind2=" ">
    <subfield code="2">musi</subfield>
    <subfield code="a">voix (2S B), choeur mixte, piano (adaptation)</subfield>
  </datafield>
  <datafield tag="981" ind1=" " ind2=" ">
    <subfield code="2">COFP</subfield>
    <subfield code="a">TB</subfield>
  </datafield>
  <datafield tag="992" ind1=" " ind2=" ">
    <subfield code="a">BMU PC 830</subfield>
    <subfield code="x">ge/vbmu/a/93/15</subfield>
  </datafield>
</record>