
<record>
  <leader>01377nam a2200385 a 4500</leader>
  <controlfield tag="001">vtls008629723</controlfield>
  <controlfield tag="005">20170520095900.0</controlfield>
  <controlfield tag="008">170412s2005    it ||| |  ||||00| ||ita d</controlfield>
  <datafield tag="020" ind1=" " ind2=" ">
    <subfield code="a">9788820736835</subfield>
  </datafield>
  <datafield tag="035" ind1=" " ind2=" ">
    <subfield code="a">R008629723</subfield>
  </datafield>
  <datafield tag="039" ind1=" " ind2="9">
    <subfield code="a">201705200959</subfield>
    <subfield code="b">VLOAD</subfield>
    <subfield code="y">201704121448</subfield>
    <subfield code="z">4301</subfield>
  </datafield>
  <datafield tag="040" ind1=" " ind2=" ">
    <subfield code="a">SpMaBN</subfield>
    <subfield code="b">spa</subfield>
    <subfield code="e">rdc</subfield>
    <subfield code="d">RERO neubfl</subfield>
  </datafield>
  <datafield tag="041" ind1="1" ind2=" ">
    <subfield code="a">ita</subfield>
    <subfield code="a">spa</subfield>
    <subfield code="h">spa</subfield>
  </datafield>
  <datafield tag="072" ind1=" " ind2="7">
    <subfield code="a">s1es</subfield>
    <subfield code="2">rero</subfield>
  </datafield>
  <datafield tag="080" ind1=" " ind2=" ">
    <subfield code="a">821.134.2-14&quot;16&quot;</subfield>
  </datafield>
  <datafield tag="100" ind1="1" ind2=" ">
    <subfield code="0">(RERO)A000134780</subfield>
    <subfield code="a">Quevedo y Villegas, Francisco Gómez de</subfield>
    <subfield code="4">cre</subfield>
  </datafield>
  <datafield tag="245" ind1="1" ind2="0">
    <subfield code="a">Clío, musa I ;</subfield>
    <subfield code="b">con un&apos;appendice da &quot;Melpómene&quot;, musa III /</subfield>
    <subfield code="c">Francisco de Quevedo ; introduzione e traduzione di Alessandro Martinengo ; commento e note a cura di Federica Cappelli e Beatrice Garzelli</subfield>
  </datafield>
  <datafield tag="250" ind1=" " ind2=" ">
    <subfield code="a">1. ed. italiana</subfield>
  </datafield>
  <datafield tag="264" ind1=" " ind2="1">
    <subfield code="a">Napoli :</subfield>
    <subfield code="b">Liguori,</subfield>
    <subfield code="c">2005</subfield>
  </datafield>
  <datafield tag="300" ind1=" " ind2=" ">
    <subfield code="a">246 p. ;</subfield>
    <subfield code="c">19 cm</subfield>
  </datafield>
  <datafield tag="336" ind1=" " ind2=" ">
    <subfield code="b">txt</subfield>
    <subfield code="2">rdacontent</subfield>
  </datafield>
  <datafield tag="337" ind1=" " ind2=" ">
    <subfield code="b">n</subfield>
    <subfield code="2">rdamedia</subfield>
  </datafield>
  <datafield tag="338" ind1=" " ind2=" ">
    <subfield code="b">nc</subfield>
    <subfield code="2">rdacarrier</subfield>
  </datafield>
  <datafield tag="490" ind1="1" ind2=" ">
    <subfield code="a">Barataria</subfield>
    <subfield code="v">18</subfield>
  </datafield>
  <datafield tag="500" ind1=" " ind2=" ">
    <subfield code="a">Texto en español y traducción al italiano</subfield>
  </datafield>
  <datafield tag="504" ind1=" " ind2=" ">
    <subfield code="a">Bibliografía: p. 31-41</subfield>
  </datafield>
  <datafield tag="700" ind1="1" ind2=" ">
    <subfield code="0">(RERO)A026890623</subfield>
    <subfield code="a">Cappelli, Federica</subfield>
  </datafield>
  <datafield tag="700" ind1="1" ind2=" ">
    <subfield code="0">(RERO)A020112320</subfield>
    <subfield code="a">Garzelli, Beatrice</subfield>
  </datafield>
  <datafield tag="700" ind1="1" ind2=" ">
    <subfield code="0">(RERO)A003567234</subfield>
    <subfield code="a">Martinengo, Alessandro</subfield>
  </datafield>
  <datafield tag="830" ind1=" " ind2="0">
    <subfield code="a">Barataria</subfield>
    <subfield code="v">18</subfield>
  </datafield>
  <datafield tag="900" ind1=" " ind2="1">
    <subfield code="a">BNE</subfield>
    <subfield code="b">20170412</subfield>
  </datafield>
  <datafield tag="904" ind1=" " ind2=" ">
    <subfield code="a">neubflna</subfield>
    <subfield code="b">2017/04</subfield>
    <subfield code="c">es</subfield>
  </datafield>
  <datafield tag="930" ind1=" " ind2=" ">
    <subfield code="a">(BNE) bimo0002070652</subfield>
  </datafield>
  <datafield tag="962" ind1=" " ind2=" ">
    <subfield code="a">neubfl</subfield>
  </datafield>
  <datafield tag="984" ind1=" " ind2=" ">
    <subfield code="2">cdu-neubfl-es</subfield>
    <subfield code="a">860(46)16&quot;QUE7Cli</subfield>
  </datafield>
</record>