
<record>
  <leader>04032nam a2200673 a 4500</leader>
  <controlfield tag="001">vtls006035526</controlfield>
  <controlfield tag="005">20180403170300.0</controlfield>
  <controlfield tag="008">110218s2005    fr ||| |  ||||00|  |fre d</controlfield>
  <datafield tag="019" ind1=" " ind2=" ">
    <subfield code="a">Notice créée dans le cadre de la migration de la BM Delémont</subfield>
    <subfield code="9">jubmdj/04.2011</subfield>
  </datafield>
  <datafield tag="020" ind1=" " ind2=" ">
    <subfield code="a">9782745919595</subfield>
  </datafield>
  <datafield tag="035" ind1=" " ind2=" ">
    <subfield code="a">R006035526</subfield>
  </datafield>
  <datafield tag="039" ind1=" " ind2="9">
    <subfield code="a">201804031703</subfield>
    <subfield code="b">VLOAD</subfield>
    <subfield code="c">201705301340</subfield>
    <subfield code="d">VLOAD</subfield>
    <subfield code="c">201702031636</subfield>
    <subfield code="d">1328</subfield>
    <subfield code="c">201609191516</subfield>
    <subfield code="d">VLOAD</subfield>
    <subfield code="y">201106171602</subfield>
    <subfield code="z">VLOAD</subfield>
  </datafield>
  <datafield tag="040" ind1=" " ind2=" ">
    <subfield code="a">RERO jubmdj</subfield>
  </datafield>
  <datafield tag="072" ind1=" " ind2="7">
    <subfield code="a">s1et</subfield>
    <subfield code="2">rero</subfield>
  </datafield>
  <datafield tag="245" ind1="0" ind2="0">
    <subfield code="a">Noël :</subfield>
    <subfield code="b">le livre des contes, des poésies et des chansons</subfield>
  </datafield>
  <datafield tag="264" ind1=" " ind2="1">
    <subfield code="a">Toulouse :</subfield>
    <subfield code="b">Milan Jeunesse,</subfield>
    <subfield code="c">2005</subfield>
  </datafield>
  <datafield tag="300" ind1=" " ind2=" ">
    <subfield code="a">1 vol. (non paginé) :</subfield>
    <subfield code="b">ill. ;</subfield>
    <subfield code="c">29 cm</subfield>
  </datafield>
  <datafield tag="336" ind1=" " ind2=" ">
    <subfield code="b">txt</subfield>
    <subfield code="2">rdacontent</subfield>
  </datafield>
  <datafield tag="337" ind1=" " ind2=" ">
    <subfield code="b">n</subfield>
    <subfield code="2">rdamedia</subfield>
  </datafield>
  <datafield tag="338" ind1=" " ind2=" ">
    <subfield code="b">nc</subfield>
    <subfield code="2">rdacarrier</subfield>
  </datafield>
  <datafield tag="500" ind1=" " ind2=" ">
    <subfield code="a">Contient : La clé d&apos;or / texte des frères Grimm. La petite fille aux allumettes / texte de Christian Andersen. La légende d&apos;Ichilok, le quatrième roi mage / texte d&apos;Anne Dorville. La légende du bonhomme l&apos;Année / texte d&apos; Anne Dorville. La véritable histoire du père Noël / texte de Colette Seigue. La légende des treize poussins / texte d&apos;Anne Dorville. Scouarn le breton / texte d&apos;Anne Dorville. La légende de la Befana / texte d&apos;Anne Dorville. La chatte de Dovre / texte de Chrisen Asbjornsen et Jorgen Moe. Vive le vent, Mon beau sapin, La marche des rois : chansons traditionnelles. Petit papa Noël / texte de Raymond Vincy. Bonhomme Hiver : chanson traditionnelle. Est-ce toi père Noël ? / poème de Pierre Coran. La neige tombe / poème de Jean Richepin. Il a neigé / poème de Maurice Carême. Le matin des étrennes / poème d&apos;Arthur Rimbaud. Voici Noël / poème de Pierre Gamarra</subfield>
  </datafield>
  <datafield tag="505" ind1="0" ind2=" ">
    <subfield code="a">La clef d&apos;or ; La petite fille aux allumettes ; La légende d&apos;Ichilok, le quatrième Roi mage ; La légende du Bonhomme l&apos;Année ; La véritable histoire du Père Noël ; Scouarn le Breton ; La légende de la Befana ; La chatte de Dovre ; Vive le vent ; Mon beau sapin ; La marche des Rois ; Petit papa Noël ; Bonhomme Hiver ; Est-ce toi Père Noël? ; La neige tombe ; Il a neigé ; Le matin des étrennes ; Voici Noël</subfield>
  </datafield>
  <datafield tag="520" ind1="8" ind2=" ">
    <subfield code="a">Des grands contes traditionnels d&apos;Andersen et des frères Grimm aux vers d&apos;Arthur Rimbaud, des chansons fredonnées en famille sous le sapin aux légendes du monde... Dans ce recueil sont réunis les plus beaux textes qui font de Noël une fête éternelle.?Pour célèbrer au fil des mots toute la magie de l&apos;enfance...</subfield>
    <subfield code="9">vdecha/05.2012</subfield>
  </datafield>
  <datafield tag="520" ind1="8" ind2=" ">
    <subfield code="a">Des grands contes traditionnels d&apos;Andersen et des frères Grimm aux vers d&apos;Arthur Rimbaud, des chansons fredonnées en famillesous le sapin aux légendes du monde...Pour célèbrer au fil des mots toute la magie de l&apos;enfance...</subfield>
    <subfield code="9">vdesep/06.2015</subfield>
  </datafield>
  <datafield tag="521" ind1=" " ind2=" ">
    <subfield code="a">Harmos6</subfield>
    <subfield code="9">frvhep/09.2011</subfield>
  </datafield>
  <datafield tag="521" ind1=" " ind2=" ">
    <subfield code="a">Harmos7</subfield>
    <subfield code="9">frvhep/09.2011</subfield>
  </datafield>
  <datafield tag="521" ind1=" " ind2=" ">
    <subfield code="a">Harmos8</subfield>
    <subfield code="9">frvhep/09.2011</subfield>
  </datafield>
  <datafield tag="521" ind1=" " ind2=" ">
    <subfield code="a">Enfants (9-12 ans)</subfield>
    <subfield code="9">vdbstl/08.2011</subfield>
    <subfield code="9">rero/05.2014</subfield>
  </datafield>
  <datafield tag="521" ind1=" " ind2=" ">
    <subfield code="a">Adolescents (12-15 ans)</subfield>
    <subfield code="9">vdbstl/08.2011</subfield>
    <subfield code="9">rero/05.2014</subfield>
  </datafield>
  <datafield tag="521" ind1=" " ind2=" ">
    <subfield code="a">Enfants (9-12 ans)</subfield>
    <subfield code="9">vsbcvs/07.2014</subfield>
  </datafield>
  <datafield tag="521" ind1=" " ind2=" ">
    <subfield code="a">Enfants (6-9 ans)</subfield>
    <subfield code="9">vschab/07.2015</subfield>
  </datafield>
  <datafield tag="901" ind1=" " ind2=" ">
    <subfield code="a">hepfrfusion</subfield>
  </datafield>
  <datafield tag="901" ind1=" " ind2=" ">
    <subfield code="a">hepfrmigration</subfield>
    <subfield code="b">2011/09</subfield>
  </datafield>
  <datafield tag="904" ind1=" " ind2=" ">
    <subfield code="a">jubmdjre op141643</subfield>
  </datafield>
  <datafield tag="919" ind1=" " ind2=" ">
    <subfield code="a">CONTE</subfield>
    <subfield code="2">choix</subfield>
  </datafield>
  <datafield tag="919" ind1=" " ind2=" ">
    <subfield code="a">NEIGE</subfield>
    <subfield code="x">Conte</subfield>
    <subfield code="2">choix</subfield>
  </datafield>
  <datafield tag="919" ind1=" " ind2=" ">
    <subfield code="a">NOEL</subfield>
    <subfield code="x">Chant</subfield>
    <subfield code="2">choix</subfield>
  </datafield>
  <datafield tag="919" ind1=" " ind2=" ">
    <subfield code="a">NOEL</subfield>
    <subfield code="x">Conte</subfield>
    <subfield code="2">choix</subfield>
  </datafield>
  <datafield tag="919" ind1=" " ind2=" ">
    <subfield code="a">NOEL</subfield>
    <subfield code="x">Poésie</subfield>
    <subfield code="2">choix</subfield>
  </datafield>
  <datafield tag="919" ind1=" " ind2=" ">
    <subfield code="a">PERE NOEL</subfield>
    <subfield code="x">Conte</subfield>
    <subfield code="2">choix</subfield>
  </datafield>
  <datafield tag="919" ind1=" " ind2=" ">
    <subfield code="a">ROIS MAGES - Conte</subfield>
    <subfield code="2">choix</subfield>
  </datafield>
  <datafield tag="919" ind1=" " ind2=" ">
    <subfield code="a">fiction</subfield>
    <subfield code="2">vschab</subfield>
  </datafield>
  <datafield tag="919" ind1=" " ind2=" ">
    <subfield code="a">Père Noël</subfield>
    <subfield code="2">vschab</subfield>
  </datafield>
  <datafield tag="931" ind1=" " ind2=" ">
    <subfield code="a">hepfrh62478</subfield>
  </datafield>
  <datafield tag="956" ind1=" " ind2=" ">
    <subfield code="a">frvhep</subfield>
  </datafield>
  <datafield tag="960" ind1=" " ind2=" ">
    <subfield code="a">jubmdj</subfield>
  </datafield>
  <datafield tag="973" ind1=" " ind2=" ">
    <subfield code="a">vsbcvs vsmome</subfield>
  </datafield>
  <datafield tag="981" ind1=" " ind2=" ">
    <subfield code="2">HEPPTC</subfield>
    <subfield code="a">817.8</subfield>
  </datafield>
  <datafield tag="981" ind1=" " ind2=" ">
    <subfield code="2">HEPSUJ</subfield>
    <subfield code="a">chant</subfield>
  </datafield>
  <datafield tag="981" ind1=" " ind2=" ">
    <subfield code="2">HEPSUJ</subfield>
    <subfield code="a">conte</subfield>
  </datafield>
  <datafield tag="981" ind1=" " ind2=" ">
    <subfield code="2">HEPSUJ</subfield>
    <subfield code="a">fête religieuse</subfield>
  </datafield>
  <datafield tag="981" ind1=" " ind2=" ">
    <subfield code="2">HEPSUJ</subfield>
    <subfield code="a">Noël</subfield>
  </datafield>
  <datafield tag="981" ind1=" " ind2=" ">
    <subfield code="2">HEPSUJ</subfield>
    <subfield code="a">poésie</subfield>
  </datafield>
  <datafield tag="981" ind1=" " ind2=" ">
    <subfield code="2">HEPSUP</subfield>
    <subfield code="a">monographie</subfield>
  </datafield>
  <datafield tag="984" ind1=" " ind2=" ">
    <subfield code="2">jubmd</subfield>
    <subfield code="a">CHANSON ENFANTINE</subfield>
    <subfield code="e">[Fiction]</subfield>
  </datafield>
  <datafield tag="984" ind1=" " ind2=" ">
    <subfield code="2">jubmd</subfield>
    <subfield code="a">CONTE DE NOEL</subfield>
    <subfield code="e">[Fiction]</subfield>
  </datafield>
  <datafield tag="984" ind1=" " ind2=" ">
    <subfield code="2">jubmd</subfield>
    <subfield code="a">NOEL</subfield>
    <subfield code="e">[Fiction]</subfield>
  </datafield>
  <datafield tag="984" ind1=" " ind2=" ">
    <subfield code="2">jubmd</subfield>
    <subfield code="a">POESIE</subfield>
    <subfield code="e">[Fiction]</subfield>
  </datafield>
  <datafield tag="986" ind1=" " ind2=" ">
    <subfield code="2">cdu-vssibj</subfield>
    <subfield code="a">C NOEL</subfield>
  </datafield>
</record>