
<record>
  <leader>01234nam a22003257a 4500</leader>
  <controlfield tag="001">vtls008175325</controlfield>
  <controlfield tag="005">20170520200300.0</controlfield>
  <controlfield tag="008">150617s2014    ua ||| |  ||||00|  |ara d</controlfield>
  <datafield tag="035" ind1=" " ind2=" ">
    <subfield code="a">R008175325</subfield>
  </datafield>
  <datafield tag="039" ind1=" " ind2="7">
    <subfield code="b">7335</subfield>
  </datafield>
  <datafield tag="039" ind1=" " ind2="9">
    <subfield code="a">201705202003</subfield>
    <subfield code="b">VLOAD</subfield>
    <subfield code="c">201507091454</subfield>
    <subfield code="d">VLOAD</subfield>
    <subfield code="c">201507090844</subfield>
    <subfield code="d">7335</subfield>
    <subfield code="c">201507090842</subfield>
    <subfield code="d">7335</subfield>
    <subfield code="y">201506171151</subfield>
    <subfield code="z">7335</subfield>
  </datafield>
  <datafield tag="040" ind1=" " ind2=" ">
    <subfield code="a">RERO geular</subfield>
  </datafield>
  <datafield tag="072" ind1=" " ind2="7">
    <subfield code="a">s1go</subfield>
    <subfield code="2">rero</subfield>
  </datafield>
  <datafield tag="072" ind1=" " ind2="7">
    <subfield code="a">s2at</subfield>
    <subfield code="2">rero</subfield>
  </datafield>
  <datafield tag="100" ind1="1" ind2=" ">
    <subfield code="0">(RERO)A025550294</subfield>
    <subfield code="a">Abū al-Rūs, Khālid</subfield>
    <subfield code="d">1920-</subfield>
    <subfield code="4">cre</subfield>
  </datafield>
  <datafield tag="245" ind1="1" ind2="0">
    <subfield code="a">Ḥikāyat ḥayy Miṣr al-qadīmah :</subfield>
    <subfield code="b">dirāsah taʾrīkhīyah /</subfield>
    <subfield code="c">Khālid Abū al-Rūs</subfield>
  </datafield>
  <datafield tag="264" ind1=" " ind2="1">
    <subfield code="6">880-01</subfield>
    <subfield code="a">al-Qāhirah :</subfield>
    <subfield code="b">Al-Hayʾat al-ʿāmmah li quṣūr al-thaqāfah,</subfield>
    <subfield code="c">2014</subfield>
  </datafield>
  <datafield tag="300" ind1=" " ind2=" ">
    <subfield code="a">168 p. :</subfield>
    <subfield code="b">ill. ;</subfield>
    <subfield code="c">20 cm</subfield>
  </datafield>
  <datafield tag="336" ind1=" " ind2=" ">
    <subfield code="b">txt</subfield>
    <subfield code="2">rdacontent</subfield>
  </datafield>
  <datafield tag="337" ind1=" " ind2=" ">
    <subfield code="b">n</subfield>
    <subfield code="2">rdamedia</subfield>
  </datafield>
  <datafield tag="338" ind1=" " ind2=" ">
    <subfield code="b">nc</subfield>
    <subfield code="2">rdacarrier</subfield>
  </datafield>
  <datafield tag="490" ind1="1" ind2=" ">
    <subfield code="a">Silsilat ḥikāyat Miṣr</subfield>
    <subfield code="v">25</subfield>
  </datafield>
  <datafield tag="650" ind1=" " ind2="7">
    <subfield code="0">(RERO)A021017406</subfield>
    <subfield code="a">Quartiers anciens</subfield>
    <subfield code="2">rero</subfield>
  </datafield>
  <datafield tag="651" ind1=" " ind2="7">
    <subfield code="0">(RERO)A023089218</subfield>
    <subfield code="a">Fustāt (Egypte)</subfield>
    <subfield code="2">rero</subfield>
  </datafield>
  <datafield tag="830" ind1=" " ind2="0">
    <subfield code="a">Silsilat ḥikāyat Miṣr</subfield>
    <subfield code="v">25</subfield>
  </datafield>
  <datafield tag="880" ind1=" " ind2="1">
    <subfield code="6">264-01/(3/r</subfield>
    <subfield code="a">القاهرة :</subfield>
    <subfield code="b">الهيئة العامة لقصور الثقافة,</subfield>
    <subfield code="c">2014</subfield>
  </datafield>
  <datafield tag="902" ind1=" " ind2=" ">
    <subfield code="a">geular</subfield>
    <subfield code="b">2015/07</subfield>
  </datafield>
  <datafield tag="957" ind1=" " ind2=" ">
    <subfield code="a">geular</subfield>
  </datafield>
  <datafield tag="982" ind1=" " ind2=" ">
    <subfield code="2">ge-ular</subfield>
    <subfield code="a">K 3 Cai a ABŪ</subfield>
  </datafield>
  <datafield tag="992" ind1=" " ind2=" ">
    <subfield code="a">BFLA 263369</subfield>
    <subfield code="x">ge/ular/a/15/135</subfield>
  </datafield>
</record>