
<record>
  <leader>01423nam a2200385 a 4500</leader>
  <controlfield tag="001">vtls000397828</controlfield>
  <controlfield tag="005">20180825140800.0</controlfield>
  <controlfield tag="008">000716s1981    it |||||| ||||00|| |ita d</controlfield>
  <datafield tag="020" ind1=" " ind2=" ">
    <subfield code="a">9788870625233</subfield>
  </datafield>
  <datafield tag="035" ind1=" " ind2=" ">
    <subfield code="a">0431115</subfield>
  </datafield>
  <datafield tag="039" ind1=" " ind2=" ">
    <subfield code="b">9870f</subfield>
  </datafield>
  <datafield tag="039" ind1=" " ind2="9">
    <subfield code="a">201808251408</subfield>
    <subfield code="b">VLOAD</subfield>
    <subfield code="c">201711251220</subfield>
    <subfield code="d">VLOAD</subfield>
    <subfield code="c">201706102010</subfield>
    <subfield code="d">VLOAD</subfield>
    <subfield code="c">201704041137</subfield>
    <subfield code="d">VLOAD</subfield>
    <subfield code="y">1999022720150000</subfield>
    <subfield code="z">load</subfield>
  </datafield>
  <datafield tag="040" ind1=" " ind2=" ">
    <subfield code="a">RERO</subfield>
  </datafield>
  <datafield tag="072" ind1=" " ind2="7">
    <subfield code="a">s1ar</subfield>
    <subfield code="2">rero</subfield>
  </datafield>
  <datafield tag="072" ind1=" " ind2="7">
    <subfield code="a">s2ba</subfield>
    <subfield code="2">rero</subfield>
  </datafield>
  <datafield tag="100" ind1="1" ind2=" ">
    <subfield code="0">(RERO)A002999554</subfield>
    <subfield code="a">Berti, Graziella</subfield>
    <subfield code="4">cre</subfield>
  </datafield>
  <datafield tag="245" ind1="1" ind2="2">
    <subfield code="a">I bacini ceramici medievali delle chiese di Pisa /</subfield>
    <subfield code="c">Graziella Berti, Liana Tongiorgi</subfield>
  </datafield>
  <datafield tag="264" ind1=" " ind2="1">
    <subfield code="a">Roma :</subfield>
    <subfield code="b">&quot;L&apos;Erma&quot; di Bretschneider,</subfield>
    <subfield code="c">1981</subfield>
  </datafield>
  <datafield tag="300" ind1=" " ind2=" ">
    <subfield code="a">303 p., 224 f de pl. :</subfield>
    <subfield code="b">ill. ;</subfield>
    <subfield code="c">28 cm</subfield>
  </datafield>
  <datafield tag="336" ind1=" " ind2=" ">
    <subfield code="b">txt</subfield>
    <subfield code="2">rdacontent</subfield>
  </datafield>
  <datafield tag="337" ind1=" " ind2=" ">
    <subfield code="b">n</subfield>
    <subfield code="2">rdamedia</subfield>
  </datafield>
  <datafield tag="338" ind1=" " ind2=" ">
    <subfield code="b">nc</subfield>
    <subfield code="2">rdacarrier</subfield>
  </datafield>
  <datafield tag="490" ind1="1" ind2=" ">
    <subfield code="a">Quaderni di cultura materiale</subfield>
    <subfield code="v">3</subfield>
  </datafield>
  <datafield tag="650" ind1=" " ind2="7">
    <subfield code="0">(RERO)A010049567</subfield>
    <subfield code="a">bassin en céramique</subfield>
    <subfield code="2">rerovoc</subfield>
  </datafield>
  <datafield tag="650" ind1=" " ind2="7">
    <subfield code="0">(RERO)A021128508</subfield>
    <subfield code="a">Moyen âge</subfield>
    <subfield code="2">rero</subfield>
  </datafield>
  <datafield tag="650" ind1=" " ind2="7">
    <subfield code="0">(RERO)A021003329</subfield>
    <subfield code="a">Églises</subfield>
    <subfield code="2">rero</subfield>
  </datafield>
  <datafield tag="651" ind1=" " ind2="7">
    <subfield code="0">(RERO)A010019220</subfield>
    <subfield code="a">Pise (Italie)</subfield>
    <subfield code="2">rero</subfield>
  </datafield>
  <datafield tag="700" ind1="1" ind2=" ">
    <subfield code="0">(RERO)A003905206</subfield>
    <subfield code="a">Tongiorgi, Liana</subfield>
  </datafield>
  <datafield tag="830" ind1=" " ind2="0">
    <subfield code="a">Quaderni di Cultura Materiale</subfield>
    <subfield code="v">3</subfield>
  </datafield>
  <datafield tag="919" ind1=" " ind2=" ">
    <subfield code="9">650 _7</subfield>
    <subfield code="a">bassin en céramique</subfield>
    <subfield code="x">église (bâtiment)</subfield>
    <subfield code="z">Pise (Italie)</subfield>
    <subfield code="y">Moyen-Âge</subfield>
    <subfield code="2">chrero</subfield>
  </datafield>
  <datafield tag="956" ind1=" " ind2=" ">
    <subfield code="a">frbcuc</subfield>
  </datafield>
  <datafield tag="957" ind1=" " ind2=" ">
    <subfield code="a">gevmar</subfield>
  </datafield>
  <datafield tag="981" ind1=" " ind2=" ">
    <subfield code="0">(RERO)0A002760719</subfield>
    <subfield code="2">CDU</subfield>
    <subfield code="a">7(450.52)</subfield>
  </datafield>
  <datafield tag="992" ind1=" " ind2=" ">
    <subfield code="a">BAA KC Q 137</subfield>
    <subfield code="x">ge/vbaa/a/85/12</subfield>
  </datafield>
  <datafield tag="992" ind1=" " ind2=" ">
    <subfield code="a">MAR ACC/I 29</subfield>
    <subfield code="x">ge/vbaa/a/85/12</subfield>
  </datafield>
</record>