
<record>
  <leader>00890nam a2200289 a 4500</leader>
  <controlfield tag="001">vtls002677327</controlfield>
  <controlfield tag="005">20170518105400.0</controlfield>
  <controlfield tag="008">000929s1977    fr |||||| ||||00|| |fre d</controlfield>
  <datafield tag="020" ind1=" " ind2=" ">
    <subfield code="a">9782204010214</subfield>
  </datafield>
  <datafield tag="035" ind1=" " ind2=" ">
    <subfield code="a">R267732760</subfield>
  </datafield>
  <datafield tag="039" ind1=" " ind2=" ">
    <subfield code="b">4901</subfield>
    <subfield code="b">4902c</subfield>
  </datafield>
  <datafield tag="039" ind1=" " ind2="9">
    <subfield code="a">201705181054</subfield>
    <subfield code="b">VLOAD</subfield>
    <subfield code="c">201601041359</subfield>
    <subfield code="d">VLOAD</subfield>
    <subfield code="c">201601011606</subfield>
    <subfield code="d">VLOAD</subfield>
    <subfield code="c">201510281555</subfield>
    <subfield code="d">VLOAD</subfield>
    <subfield code="y">200009150128</subfield>
    <subfield code="z">VLOAD</subfield>
  </datafield>
  <datafield tag="040" ind1=" " ind2=" ">
    <subfield code="a">RERO nepast</subfield>
  </datafield>
  <datafield tag="072" ind1=" " ind2="7">
    <subfield code="a">s1th</subfield>
    <subfield code="2">rero</subfield>
  </datafield>
  <datafield tag="245" ind1="0" ind2="0">
    <subfield code="a">Quand les vieux parlent :</subfield>
    <subfield code="b">témoignages /</subfield>
    <subfield code="c">présentés par A.-M. Besnard</subfield>
  </datafield>
  <datafield tag="264" ind1=" " ind2="1">
    <subfield code="a">Paris :</subfield>
    <subfield code="b">Ed. du Cerf,</subfield>
    <subfield code="c">1977</subfield>
  </datafield>
  <datafield tag="300" ind1=" " ind2=" ">
    <subfield code="a">126 p. ;</subfield>
    <subfield code="c">20 cm</subfield>
  </datafield>
  <datafield tag="336" ind1=" " ind2=" ">
    <subfield code="b">txt</subfield>
    <subfield code="2">rdacontent</subfield>
  </datafield>
  <datafield tag="337" ind1=" " ind2=" ">
    <subfield code="b">n</subfield>
    <subfield code="2">rdamedia</subfield>
  </datafield>
  <datafield tag="338" ind1=" " ind2=" ">
    <subfield code="b">nc</subfield>
    <subfield code="2">rdacarrier</subfield>
  </datafield>
  <datafield tag="490" ind1="1" ind2=" ">
    <subfield code="a">Epiphanie</subfield>
  </datafield>
  <datafield tag="700" ind1="1" ind2=" ">
    <subfield code="0">(RERO)A003000911</subfield>
    <subfield code="a">Besnard, Albert Marie</subfield>
  </datafield>
  <datafield tag="830" ind1=" " ind2="0">
    <subfield code="a">Epiphanie</subfield>
  </datafield>
  <datafield tag="904" ind1=" " ind2=" ">
    <subfield code="a">nepastna</subfield>
    <subfield code="b">2000/04</subfield>
  </datafield>
  <datafield tag="904" ind1=" " ind2=" ">
    <subfield code="a">nebpupast</subfield>
  </datafield>
  <datafield tag="962" ind1=" " ind2=" ">
    <subfield code="a">nebpun</subfield>
  </datafield>
  <datafield tag="994" ind1=" " ind2=" ">
    <subfield code="a">PA: P 117.1.008</subfield>
    <subfield code="x">ne/past/d/43517</subfield>
  </datafield>
</record>